=LDR  04508    a2200493   4500
=001  2499
=008  210323n\\\\\\\\\\\||lf||||||\00|\0\fre\d
=041  \\$afre
=059  \\$aS
=059  \\$aSSB
=245  \\$a[Various songs and arias: soprano part]
=260  \\$aFrance [?]$cc. 1700
=300  \\$a192 pages
=500  \\$aMostly soprano parts, with some songs for multiple voices, all without basso continuo
=500  \\$a"Recueil d’airs assez typique, pour voix seule sans accompagnement." (dixit Julien Dubruque, CMBV, 18 July 2023)
=505  \\$gCharmante nuit hâtez / Lambert -- Quand on soupire, sans l'oser dire / Lambert -- Je meurs des maux / Lambert -- Si vous m'aviez aimé / Berthet -- Tu vois l'amant le plus tendre / Mr... -- Beaux déserts / Le Roux -- Ruisseaux, qui, touchez de ma peine / Matho -- Beaux yeux que je ne vois jamais / Mr... -- Malheureux que je suis / Berthet -- Chanson à boire : Les yeux d'Iris / Berthet -- Tristes déserts, retraittes sombres / Rivière -- Cessez, petits oyseaux / Berthet -- L'amour est cause que je néglige mon troupeau / Lambert -- Je suis aimé de celle que j'adore / Lambert -- J'ay beau changer de lieu / Lambert -- Vous serez satisfaict / Berthet -- Cessez de m'agiter et la nuit et le jour / Berthet -- Qu'on ne me parle point du retour du beau temps / Berthet -- En vain le printemps plein de charmes / Berthet -- Rochers, déserts, précipices affreux / Berthet -- Agréables témmoins / Berthet -- Un seul soupir échapé vous offence / Berthet -- Tout est changé dans ce charmant séjour / Berthet -- Ruisseaux, qui tous glacez / Berthet -- De mes tristes accens / Berthet -- Je vois la jeune Iris / Berthet -- Dans ces déserts paisibles / Lully -- Si, du triste récit / Lully -- Les oyseaux réjouïs / Lully -- Ah ! que sur nostre cœur la sévère loy / Lully -- Rossignols amoureux [SSB] / Berthet -- Sur le bord d'un ruisseau / Berthet -- Ah ! du moins, laissez-moy me plaindre / Berthet -- N'allez point aux champs, Silvie / Berthet -- L'hiver estoit trop glacé / Berthet -- Un berger tendre et constant / Berthet -- Vous partez, belle Climène / Berthet -- Le doux printemps ranime la nature / Berthet -- L'autre jour d'Annette [SS] / Lully -- Dans le fonds de ce bocage / Berthet -- Charmantes fleurs, naissez, herbes tendres [SS] / Charpentier
=533  \\$aDigitized by iGuana, Spring 2022
=561  \\$aEx libris Berlier de Tourtour, officier au corps Royal d'artillerie (manuscript); crossed-out ink writings on the inner cover at the back
=648  \0$a17th Century (1601-1700)$1http://www.wikidata.org/entity/Q7016$920923
=650  \0$aAir de cour$1http://www.wikidata.org/entity/Q407916$921710
=651  \0$aFrance$1http://www.wikidata.org/entity/Q142$9131
=653  \0$aBerthet, P.$314, 36-43, 48, 71-125, 151-180, 186$020136144$w05B48$929472
=653  \0$aCharpentier, M.A.$3188$020136144$w05B48$930409
=653  \0$adouble$332, 55, 61, 68, 116, 129, 176$020136144$w05B48$931169
=653  \0$aLambert, M.$31-13, 51, 58-70$020136144$w05B48$933865
=653  \0$aLully, J.B.$3126-150, 181, 185$020136144$w05B48$934276
=653  \0$aMato, J. B.$327$020136144$w05B48$934530
=653  \\$aAir_2st$3181, 188$928544$020136144$w05B48
=653  \\$aAir_3st$3151$928545$020136144$w05B48
=653  \\$aAnonymus$320, 31$928708$020136144$w05B48
=653  \\$aLe Comte de la Rivière$344$933956$020136144$w05B48
=653  \\$aLe Roux, G.$322$933964$020136144$w05B48
=700  \\$aLambert, Michel$d1610-1696$4cmp$1http://www.wikidata.org/entity/Q1551607$912645
=700  \\$aBerthet, Pierre$4cmp$96862
=700  \\$aLe Roux, Gaspard$dc. 1660-c. 1707$4cmp$1http://www.wikidata.org/entity/Q320376$96863
=700  \\$aLully, Jean-Baptiste$d1632-1687$4cmp$1http://www.wikidata.org/entity/Q1192$95867
=700  \\$aCharpentier, Marc-Antoine$d1643-1704$4cmp$1http://www.wikidata.org/entity/Q55524$910169
=700  \\$aMatho, Jean-Baptiste$d1663-1746$1http://www.wikidata.org/entity/Q931526$921042
=700  \\$aRivière, Le C. de la$4cmp$4lyr$921043
=856  \\$uhttps://uv-v4.netlify.app/#?manifest=https://sharedcanvas.be/IIIF/manifests/71978d04-4a13-11ed-8178-eda7af844646$3IIIF
=856  \\$uhttps://sharedcanvas.be/IIIF/manifests/71978d04-4a13-11ed-8178-eda7af844646$3IIIF manifest
=942  \\$cMS
=952  \\$00$10$2ddc$40$6KTS_1_000000000000000_C1_03_05B48$70$8RAR$92499$aORPH$bORPH$cKTS1_C1$d2020-07-08$eKoopman$i09G25$oKTS1 C1.03 05B48$p20136144$r2021-01-12 00:00:00$w2021-01-12$yMS
=999  \\$d2499

