=LDR  01350adm a2200265   4500
=001  2500
=008  210309n\\\\\\\\be\||||||||||\00|\0\fre\d
=041  \\$afre
=047  \\$adf
=059  \\$avie
=245  \\$aCayer pour la vielle
=246  \1$aCahier pour la vieille
=260  \\$aFrance [?]$cs.d.
=300  \\$a8 pages
=500  \\$aLittle manuscript with French, monophonic pieces (mainly dance forms) for vielle (hurdy-gurdy)
=505  \\$gLa Chasse -- La Voluptueuse -- La Provençale -- Le Bucheron -- La Chinoise -- La Souvrante -- Les Amusements de Mendouze -- Les 4 comtepes [sic] -- La Nouvelle Thérèse -- Les Jolies filles
=533  \\$aDigitized by iGuana, Spring 2022
=561  \\$abelonged to "Berlier de Tourtour, officier au corps royal d'artillerie"
=650  \0$aHurdy-gurdy$1http://www.wikidata.org/entity/Q207821$93534
=651  \0$aFrance$1http://www.wikidata.org/entity/Q142$9131
=856  \\$uhttps://uv-v4.netlify.app/#?manifest=https://sharedcanvas.be/IIIF/manifests/15a5a601-497d-11ed-8eb8-f04eca49b94f$3IIIF
=856  \\$uhttps://sharedcanvas.be/IIIF/manifests/15a5a601-497d-11ed-8eb8-f04eca49b94f$3IIIF manifest
=942  \\$cMS
=952  \\$00$10$2ddc$40$6KTS_1_000000000000000_C1_16_09G26$70$8RAR$92500$aORPH$bORPH$cKTS1_C1$d2020-07-08$eKoopman$oKTS1 C1.16 09G26$p20136090$r2021-01-12 00:00:00$w2021-01-12$yMS
=999  \\$d2500

