=LDR  02460adm a2200337   4500
=001  2502
=008  210329b\\\\\\\\\\\||l|||||||\00|\0\fre\d
=041  \\$afre
=059  \\$akbd
=245  \\$a[Suites]
=260  \\$aFrance [?]$cs.d.
=300  \\$a65 pages$e4 pages of printed documentation
=500  \\$aKeyboard score in manuscript. The first part contains forty numbered pages with dances referring to several Dandrieu compositions from different publications for harpsichord. The second part containing twenty-five unnumbered pages with some dances from Francœur and Rebel's 'Tarsis et Zélie' and 'Pirame et Thisbé' by François Francœur and François Rebel.
=500  \\$a"Recueil assez curieux. Pour les airs des opéras de Rebel et Francœur, il faudrait vérifier si ce sont des arrangements ou bien de simples copies des partitions réduites. Plusieurs pièces non identifiées." (dixit Julien Dubruque, CMBV, 18 July 2023)
=533  \\$aDigitized by iGuana, Spring 2022
=534  \\$aFrancœur and Rebel's 'Pirame et Thisbé' premiered in 1726, 'Tarsis et Zélie' in 1728
=561  \\$aPurchased by Ton Koopman, together with 09G27, from the antiquarian library Dominique Couëffé in Lyon, who provided it with extensive documentation on the provenance of the compositions
=563  \\$aContemporary cardboard binding with ornamental paper, partially restored by Cor Knops
=648  \0$a18th Century (1701-1800)$1http://www.wikidata.org/entity/Q7015$920899
=650  \0$aKeyboard music$1http://www.wikidata.org/entity/Q105715630$921412
=650  \0$aHarpsichord$1http://www.wikidata.org/entity/Q81982$92125
=650  \0$aSuite$1http://www.wikidata.org/entity/Q203005$921718
=651  \0$aFrance$1http://www.wikidata.org/entity/Q142$9131
=700  \\$aDandrieu, Jean François$d1682-1738$4cmp$1http://www.wikidata.org/entity/Q707696$96865
=700  \\$aFrancœur, François$d1698-1787$4cmp$96594
=700  \\$aRebel, François$d1701-1775$4cmp$1http://www.wikidata.org/entity/Q573126$96593
=856  \\$uhttps://uv-v4.netlify.app/#?manifest=https://sharedcanvas.be/IIIF/manifests/1ae00dac-4a58-11ed-b746-935ebec0f150$3IIIF
=856  \\$uhttps://sharedcanvas.be/IIIF/manifests/1ae00dac-4a58-11ed-b746-935ebec0f150$3IIIF manifest
=942  \\$cMS
=952  \\$00$10$2ddc$40$6KTS_1_000000000000000_C1_16_09G28$70$8RAR$92502$aORPH$bORPH$cKTS1_C1$d2020-07-08$eKoopman$oKTS1 C1.16 09G28$p20136189$r2021-01-12 00:00:00$w2021-01-12$yMS
=999  \\$d2502

