=LDR  01425atm a2200277   4500
=001  2503
=008  210329n\\\\\\\\\\\g|||||||||\00|\0\fre\d
=041  \\$afre
=059  \\$abc
=245  \\$a[General music theory, music examples, ornaments, basso continuo exercises]
=260  \\$aFrance [?]$cc. 1730 [?]
=300  \\$a24 pages
=533  \\$aDigitized by iGuana, Spring 2022
=561  \\$aPurchased by Ton Koopman from the antiquarian library Dominique Couëffé, Lyon
=563  \\$aContemporary cardboard binding with ornamental paper
=648  \0$a18th Century (1701-1800)$1http://www.wikidata.org/entity/Q7015$920899
=650  \0$aMethod$1http://www.wikidata.org/entity/Q2250960$921402
=650  \0$aMusic theory$1http://www.wikidata.org/entity/Q193544$92662
=650  \0$aBasso continuo$1http://www.wikidata.org/entity/Q724321$921065
=650  \0$aOrnamentation$1http://www.wikidata.org/entity/Q739589$922524
=651  \0$aFrance$1http://www.wikidata.org/entity/Q142$9131
=856  \\$uhttps://uv-v4.netlify.app/#?manifest=https://sharedcanvas.be/IIIF/manifests/ce096efe-4a52-11ed-b3c5-f4e1a6d8880b$3IIIF
=856  \\$uhttps://sharedcanvas.be/IIIF/manifests/ce096efe-4a52-11ed-b3c5-f4e1a6d8880b$3IIIF manifest
=942  \\$cMS
=952  \\$00$10$2ddc$40$6KTS_1_000000000000000_C2_48_10C44$70$8RAR$92503$aORPH$bORPH$cKTS1_C2$d2020-07-08$eKoopman$oKTS1 C2.48 10C44$p20136190$r2021-01-12 00:00:00$w2021-01-12$yMS
=999  \\$d2503

