=LDR  02036acm a2200433   4500
=001  2504
=008  210706s1775\\\\\\\||l||\||||\00|\0\ger\d
=041  \\$ager
=059  \\$av kbd
=100  \\$aRolle, Johann Heinrich$d1716-1785$4cmp$1http://www.wikidata.org/entity/Q515784$96866
=245  \\$aSammlung geistlicher Lieder für Liebhaber eines ungekünstelten Gesangs und leichter Clavierbegleitung
=260  \\$aLeipzig$bBreitkopf$c1775
=300  \\$a[iv]-76 pages
=500  \\$aWas Rolle the composer or editor of this collection?
=561  \\$aEx Libris Musikalien-Leih-Institut E. Bergmann (plate)
=648  \0$a18th Century (1701-1800)$1http://www.wikidata.org/entity/Q7015$920899
=650  \0$aPoetry$1http://www.wikidata.org/entity/Q482$93026
=650  \0$aSong$1http://www.wikidata.org/entity/Q7366$94164
=650  \0$aReligion$1http://www.wikidata.org/entity/Q9174$93062
=650  \0$aVocal music$1http://www.wikidata.org/entity/Q685884$93319
=650  \0$aPoetry$1http://www.wikidata.org/entity/Q482$93026
=651  \0$aGermany$1http://www.wikidata.org/entity/Q183$9155
=653  \0$aAlbrecht$3x3$020136913$w09G30$928566
=653  \0$aBenda$3x2$020136913$w09G30$929408
=653  \0$aGleim$3x2$020136913$w09G30$932232
=653  \0$aReichardt$3x2, x3$020136913$w09G30$938335
=653  \0$aRolle$3wb, x2$020136913$w09G30$938513
=653  \0$aLübeck$3x3$020136913$w09G30$934243
=653  \\$aBertauch$3x2$929470$020136913$w09G30
=653  \\$aBode$3x3$929666$020136913$w09G30
=653  \\$aEberling$3x3$931363$020136913$w09G30
=653  \\$aEndter$3x2$931454$020136913$w09G30
=653  \\$aKaufmann$3x2$933323$020136913$w09G30
=653  \\$aVoß, v.$3x2$937778$020136913$w09G30
=653  \\$aWestphal, J.C.$3x3$937944$020136913$w09G30
=856  4\$uhttps://dspace.ut.ee/handle/10062/51235
=942  \\$cSCO
=952  \\$00$10$2ddc$40$6KTS_1_000000000000000_C1_16_09G30$70$8RAR$92504$aORPH$bORPH$cKTS1_C1$d2020-07-08$eKoopman$l0$oKTS1 C1.16 09G30$p20136913$r2021-01-12 00:00:00$w2021-01-12$ySCO
=999  \\$d2504

