=LDR  02889    a2200541   4500
=001  2505
=008  210706s1715\\\\\\\||l||\||||\00|\0\fre\d
=041  \\$afre
=059  \\$afl bc
=100  \\$aHotteterre, Jacques-Martin$d1673-1763$4cmp$1http://www.wikidata.org/entity/Q726500$96867
=245  \\$aPremier livre de pièces pour la flûte-traversière, et autres instruments, avec la basse op. 2
=250  \\$a2nd ed.
=260  \\$aParis$bHotteterre; Foucault$c1715
=300  \\$a[iv]-44 pages
=336  \\$anotated music
=336  \\$aprinted
=500  \\$aOriginally 'Pièces pour la flûte traversière' (Paris: Ballard, 1708)
=501  \\$aDeuxième livre de Pièces op.5
=561  \\$aEx Libris Theule (plate, manuscript)
=648  \0$a18th Century (1701-1800)$1http://www.wikidata.org/entity/Q7015$920899
=650  \0$aInstrumental music$1http://www.wikidata.org/entity/Q639197$92106
=650  \0$aDance$1http://www.wikidata.org/entity/Q6034$924845
=650  \0$aFlute$1http://www.wikidata.org/entity/Q11405$921276
=650  \0$aSuite$1http://www.wikidata.org/entity/Q203005$921718
=651  \0$aFrance$1http://www.wikidata.org/entity/Q142$9131
=653  \0$aad lib. bezetting$3avertissement, 38$020136914$w09G31a$928471
=653  \0$aboekprijs$3tp, onder privilege$020136914$w09G31a$929701
=653  \0$adubbelslag$3avertissement$020136914$w09G31a$931248
=653  \0$aechoeffekt$340-43$020136914$w09G31a$931377
=653  \0$aport de voix$3avertissement$020136914$w09G31a$936088
=653  \0$atempo van triller$3avertissement$020136914$w09G31a$936830
=653  \0$atoevoegen van trillers etc. $3tp, avertissement$020136914$w09G31a$936991
=653  \0$agoût$3avertissement$020136914$w09G31a$932303
=653  \0$atr. appuyé$3avertissement$020136914$w09G31a$937052
=653  \0$atransponeren$3avertissement$020136914$w09G31a$937072
=653  \0$atrillertabel$3vw$020136914$w09G31a$937158
=653  \0$aHotteterre_pieces à 2 fl & bc$338-41$020136914$w09G31a$932949
=653  \0$aschleiffer$3avertissement$020136914$w09G31a$938873
=653  \0$amordent$3avertissement$020136914$w09G31a$934868
=653  \\$aflattement$3avertissement$931749$020136914$w09G31a
=653  \\$ainterpretatiedwang van componist$3avertissement$933107$020136914$w09G31a
=653  \\$atierce en taille$3avertissement$936930$020136914$w09G31a
=653  \\$atour de chant$3avertissement$937048$020136914$w09G31a
=653  \\$atriller + naslag$3avertissement$937112$020136914$w09G31a
=856  \\$uhttps://imslp.org/wiki/Pi%C3%A8ces_pour_la_fl%C3%BBte_traversiere%2C_Op.2_(Hotteterre%2C_Jacques)$3International Music Score Library Project
=942  \\$cSCO
=952  \\$00$10$2ddc$40$6KTS_1_000000000000000_C1_16_09G31A$70$8RAR$92505$aORPH$bORPH$cKTS1_C1$d2020-07-08$eKoopman$i09G31a$l0$oKTS1 C1.16 09G31a$p20136914$r2021-01-12 00:00:00$w2021-01-12$ySCO
=999  \\$c2505$d2505

