=LDR  02489adm a2200361   4500
=001  2507
=008  210329n\\\\\\\\\\\||le||||||\00|\0\fre\d
=041  \\$afre
=059  \\$avn
=245  \\$a[Contredanses, quadrilles]
=260  \\$aFrance [?]$cafter 1828
=300  \\$a39 pages$b20 blank pages, staffed
=500  \\$aViolin part form dances taken from various nineteenth-century operas premiered at the Opéra, among others Meyerbeer's 'Il crociato in Egitto', Rossini's 'Moisé et Pharaon' and 'Le Siège de Corinthe', and Auber's 'Masaniello'. Other names attributed to some of the dances could be the composer's or even the choreographer's (F. de Hugonet, Mons. E. Sermont, Rigal, Mr. L.de B.). One of the dances possibly derives from Hérold ballet pantomime 'Astolphe et Joconde'.
=500  \\$aThe final page contains a five-bar fragment
=533  \\$aDigitized by iGuana, Spring 2022
=534  \\$aMeyerbeer's 'Il crociato in Egitto' premiered in 1824, Rossini's 'Moisé et Pharaon' in 1827, 'Le Siège de Corinthe' in 1826, Auber's 'Masaniello' in 1828, Hérold's 'Astolphe et Joconde' in 1827.

=561  \\$aPurchased by Ton Koopman from the antiquarian librarian Dominique Coueffé, Lyon
=610  \0$aOpéra (Paris, France)$1http://www.wikidata.org/entity/Q283339$920898
=648  \0$a19th Century (1801-1900)$1http://www.wikidata.org/entity/Q6955$920935
=650  \0$aDance$1http://www.wikidata.org/entity/Q6034$924845
=650  \0$aContredanse$1http://www.wikidata.org/entity/Q4763331$923189
=650  \0$aQuadrille$1http://www.wikidata.org/entity/Q394084$921083
=650  \0$aViolin$1http://www.wikidata.org/entity/Q8355$92783
=651  \0$aParis (France)$1http://www.wikidata.org/entity/Q90$9160
=700  \\$aRossini, Gioacchino$d1792-1868$4cmp$96192
=700  \\$aMeyerbeer, Giacomo$d1791-1864$4cmp$1http://www.wikidata.org/entity/Q105237$96868
=700  \\$aAuber, Daniel François Esprit$d1782-1871$4cmp$1http://www.wikidata.org/entity/Q157672$96972
=700  \\$aHérold, Ferdinand$d1791-1833$4cmp$921075
=856  \\$uhttps://uv-v4.netlify.app/#?manifest=https://sharedcanvas.be/IIIF/manifests/24ee86cc-4a1c-11ed-a739-f8f56abd192a$3IIIF
=856  \\$uhttps://sharedcanvas.be/IIIF/manifests/24ee86cc-4a1c-11ed-a739-f8f56abd192a$3IIIF manifest
=942  \\$cMS
=952  \\$00$10$2ddc$40$6KTS_1_000000000000000_C1_16_09G32$70$8RAR$92507$aORPH$bORPH$cKTS1_C1$d2020-07-08$eKoopman$oKTS1 C1.16 09G32$p20136191$r2021-01-12 00:00:00$w2021-01-12$yMS
=999  \\$d2507

