=LDR  01605adm a2200289   4500
=001  2509
=008  210329b\\\\\\\\\\\||a|||||||\00|\0\fre\d
=041  \\$afre
=059  \\$avv picc 2fl 2ob 2bsn 2hrn 2vn vla basse timp
=100  \\$aDevienne, François$d1759-1803$4cmp$96378
=245  \\$aLes Visitandines.$bCommedie en deux actes mêlée d'ariettes
=260  \\$as.l.$c1792 or later
=300  \\$a231 pages
=500  \\$aMs. copy by Zimmermann, Paris, of the edition by Cousineau, see https://reader.digitale-sammlungen.de/de/fs1/object/display/bsb11175992_00001.html

=533  \\$aDigitized by iGuana, Spring 2022
=534  \\$a'Les Visitandines' premiered on 7 July 1792 at the Théâtre Feydeau in Paris.
=610  \0$aOpéra-Comique (Paris, France)$1http://www.wikidata.org/entity/Q872222$920953
=648  \0$a18th Century (1701-1800)$1http://www.wikidata.org/entity/Q7015$920899
=650  \0$aOpera$1http://www.wikidata.org/entity/Q1344$92468
=651  \0$aParis (France)$1http://www.wikidata.org/entity/Q90$9160
=700  \\$4lbt$aPicard, Louis-Benoît$d1769-1828$1http://www.wikidata.org/entity/Q347261$95556
=700  \\$4mcp$aZimmermann$96870
=856  \\$uhttps://uv-v4.netlify.app/#?manifest=https://sharedcanvas.be/IIIF/manifests/1ae02473-4a58-11ed-b746-9470ede02c0e$3IIIF
=856  \\$uhttps://sharedcanvas.be/IIIF/manifests/1ae02473-4a58-11ed-b746-9470ede02c0e$3IIIF manifest
=942  \\$cMS
=952  \\$00$10$2ddc$40$6KTS_1_000000000000000_C1_16_09G34$70$8RAR$92509$aORPH$bORPH$cKTS1_C1$d2020-07-08$eKoopman$oKTS1 C1.16 09G34$p20136195$r2021-01-12 00:00:00$w2021-01-12$yMS
=999  \\$d2509

