=LDR  03235aam a2200469   4500
=001  2510
=005  20251027154254.0
=008  210706s1715\\\\\\\|||||\||||\00|\0\ger\d
=041  \\$ager
=100  \\$aTaller, Placidus$d1655-1721$4aut$96871
=245  \\$aEinfältiger doch wohlgemeinter Bauern-Prediger$n3 vols.
=260  \\$aRegensburg$bSeidel$c1715
=300  \\$a3 volumes ([xvi]-412 + 384 + 308-[45]- pages)$bengraved title page
=500  \\$a3 volumes in 1, without separate title-pages
=500  \\$adigital later version (1725): https://www.e-rara.ch/zuz/content/zoom/9981409
=500  \\$aTaller was born on 24 November 1655 in Rott am Inn, in the shadow of the Benedictine monastery there, which was quite important until secularisation and where he also took his vows on 24 October 1679.  He went to Ingolstadt to study theology and law, then worked in his home monastery as a librarian and administrator of the economy, but also as a preacher for his confreres and the surrounding rural communities.    The practical pastoral ministry seems to have been particularly dear to him.   
=504  \\$aIndex
=561  \\$aEx Libris B. Leopoldus Pfarrer 1752 (manuscript)
=590  \\$aDas ist Fest-tägliche Predigen auf das ganze Jahr. Mit zwar einfältigen Stylo, und Concepten, doch wohlmeinend und Christlichen Eifer, sittlichen Lehren, schönen Sprüchen ... gegründet ... Denen Seelsorgern ... zu Diensten, und dem gemeinen Volck zum besten. Das ist, Sonntägliche Predigten Auf das gantze Jahr
=648  \0$a18th Century (1701-1800)$1http://www.wikidata.org/entity/Q7015$920899
=650  \0$aReligion$1http://www.wikidata.org/entity/Q9174$93062
=650  \0$aCatholicism$1http://www.wikidata.org/entity/Q1841$921631
=650  \0$aRhetoric$1http://www.wikidata.org/entity/Q81009$93894
=650  \0$aSermon$1http://www.wikidata.org/entity/Q60797$921869
=650  \0$aPeasant$1http://www.wikidata.org/entity/Q838811$925931
=651  \0$aGermany$1http://www.wikidata.org/entity/Q183$9155
=653  \0$amuziek_algemeen$3294, 295-305$020136915$w09G35_01$935036
=653  \0$amuziek_algemeen$3263$020136915$w09G35_03$935036
=653  \0$aorgel$3295$020136915$w09G35_01$935465
=653  \0$aorgel$395, 103, 104$020136915$w09G35_03$935465
=653  \0$adansen $3288-308$020136915$w09G35_03$930929
=653  \0$adoedelzak$3266$020136915$w09G35_03$931125
=653  \0$azink$3266$020136915$w09G35_03$938157
=653  \0$aklokken$3267, 268$020136915$w09G35_03$933627
=653  \0$arequiem$3295-305$020136915$w09G35_01$938385
=653  \0$aslagwerk$3295, 301$020136915$w09G35_01$939152
=653  \0$aslagwerk$3261-273$020136915$w09G35_03$939152
=653  \\$amondharp$3261-273$934812$020136915$w09G35_03
=856  \\$uhttps://www.digitale-sammlungen.de/de/view/bsb11113041?page=5; https://www.digitale-sammlungen.de/de/view/bsb11113042?page=5; https://books.google.be/books?id=M3RaAAAAcAAJ&printsec=frontcover&source=gbs_book_other_versions_r&redir_esc=y#v=onepage&q&f=false$3Google Books
=942  \\$cBOO
=952  \\$00$10$2ddc$40$6KTS_1_000000000000000_C1_16_09G35$70$8RAR$92510$aORPH$bORPH$cKTS1_C1$d2020-07-08$eKoopman$l0$oKTS1 C1.16 09G35$p20136915$r2021-01-12 00:00:00$w2021-01-12$yBOO
=999  \\$d2510

