=LDR  03354    a2200385   4500
=001  2513
=008  210707s1738\\\\\\\a||||\||||\00|\0\ger\d
=041  \\$ager
=100  \\$aMüller, Heinrich$d1631-1675$4aut$96872
=245  \\$aHimmlischer Liebes-Kuß oder Evangelische Betrachtungen über die Wohltaten Gottes
=260  \\$aHof$bLeidenfrost$c1738
=300  \\$a[x]-418-[xiv] pages
=336  \\$abook
=336  \\$aprinted
=501  \\$aEvangelischer Hertzens-Spiegel, das ist: Erklärung aller Sonn- und Fest-Tags-Evangelien Nebst beygefügten Passions-Predigten
Geistliche Erquick-Stunden dder Drey-hundert Haus- und Tisch- Andachten Nebst einigen Theologischen Bedencken
=648  \0$a18th Century (1701-1800)$1http://www.wikidata.org/entity/Q7015$920899
=650  \0$aReligion$1http://www.wikidata.org/entity/Q9174$93062
=650  \0$aSermon$1http://www.wikidata.org/entity/Q60797$921869
=653  \0$aharp$3635$0None$w09G36c$932582
=653  \0$amuziek$3228, 613$0None$w09G36c$934990
=773  \\$02511$tEvangelischer Hertzens-Spiegel$w2511
=942  \\$cBOO
=952  \\$00$10$2ddc$40$6KTS_1_000000000000000_C1_16_09G36C$70$8RAR$92513$aORPH$bORPH$cKTS1_C1$d2020-07-08$eKoopman$i09G36c$l0$oKTS1 C1.16 09G36c$r2021-01-12 00:00:00$w2021-01-12$yBOO
=952  \\$00$10$2ddc$40$6KTS_1_000000000000000_C1_16_09G36C$70$8RAR$924221$aORPH$bORPH$cKTS1_C1$d2020-07-08$eKoopman$i09G36c$l0$oKTS1 C1.16 09G36c$r2021-01-12 00:00:00$w2021-01-12$yBOO
=952  \\$00$10$2ddc$40$6KTS_1_000000000000000_C1_16_09G36C$70$8RAR$924513$aORPH$bORPH$cKTS1_C1$d2020-07-08$eKoopman$i09G36c$l0$oKTS1 C1.16 09G36c$r2021-01-12 00:00:00$w2021-01-12$yBOO
=952  \\$00$10$2ddc$40$6KTS_1_000000000000000_C1_16_09G36C$70$8RAR$924514$aORPH$bORPH$cKTS1_C1$d2020-07-08$eKoopman$i09G36c$l0$oKTS1 C1.16 09G36c$r2021-01-12 00:00:00$w2021-01-12$yBOO
=952  \\$00$10$2ddc$40$6KTS_1_000000000000000_C1_16_09G36C$70$8RAR$924911$aORPH$bORPH$cKTS1_C1$d2020-07-08$eKoopman$i09G36c$l0$oKTS1 C1.16 09G36c$r2021-01-12 00:00:00$w2021-01-12$yBOO
=952  \\$00$10$2ddc$40$6KTS_1_000000000000000_C1_16_09G36C$70$8RAR$924912$aORPH$bORPH$cKTS1_C1$d2020-07-08$eKoopman$i09G36c$l0$oKTS1 C1.16 09G36c$r2021-01-12 00:00:00$w2021-01-12$yBOO
=952  \\$00$10$2ddc$40$6KTS_1_000000000000000_C1_16_09G36C$70$8RAR$926068$aORPH$bORPH$cKTS1_C1$d2020-07-08$eKoopman$i09G36c$l0$oKTS1 C1.16 09G36c$r2021-01-12 00:00:00$w2021-01-12$yBOO
=952  \\$00$10$2ddc$40$6KTS_1_000000000000000_C1_16_09G36C$70$8RAR$926069$aORPH$bORPH$cKTS1_C1$d2020-07-08$eKoopman$i09G36c$l0$oKTS1 C1.16 09G36c$r2021-01-12 00:00:00$w2021-01-12$yBOO
=952  \\$00$10$2ddc$40$6KTS_1_000000000000000_C1_16_09G36C$70$8RAR$926070$aORPH$bORPH$cKTS1_C1$d2020-07-08$eKoopman$i09G36c$l0$oKTS1 C1.16 09G36c$r2021-01-12 00:00:00$w2021-01-12$yBOO
=952  \\$00$10$2ddc$40$6KTS_1_000000000000000_C1_16_09G36C$70$8RAR$926071$aORPH$bORPH$cKTS1_C1$d2020-07-08$eKoopman$i09G36c$l0$oKTS1 C1.16 09G36c$r2021-01-12 00:00:00$w2021-01-12$yBOO
=952  \\$00$10$2ddc$40$6KTS_1_000000000000000_C1_16_09G36C$70$8RAR$926072$aORPH$bORPH$cKTS1_C1$d2020-07-08$eKoopman$i09G36c$l0$oKTS1 C1.16 09G36c$r2021-01-12 00:00:00$w2021-01-12$yBOO
=952  \\$00$10$2ddc$40$6KTS_1_000000000000000_C1_16_09G36C$70$8RAR$926073$aORPH$bORPH$cKTS1_C1$d2020-07-08$eKoopman$i09G36c$l0$oKTS1 C1.16 09G36c$r2021-01-12 00:00:00$w2021-01-12$yBOO
=999  \\$c2513$d2513

