=LDR  01228aam a2200229   4500
=001  2516
=008  210707s1625\\\\\\\f||||\||||\00|\0\dut\d
=041  \\$adut
=100  \\$aHeyns, Zacharias$4aut$96874
=245  \\$aDeuchden-schole$bofte Spieghel der jonghe-dochteren
=250  \\$a1st ed.
=260  \\$aRotterdam$bvan Waesberge$c1625
=300  \\$a[viii]-[112] pages
=501  \\$aEmblemata : Emblèmes chrestienes et morales. Sinne-beelden streckende tot Christlicke bedenckinghe
Emblemata moralia : Les emblèmes morales. De sinne-beelden streckende tot leere der zedicheyt
Sinne-spel van de dry hoofd-deuchden
=648  \0$a17th Century (1601-1700)$1http://www.wikidata.org/entity/Q7016$920923
=650  \0$aMoral education$1http://www.wikidata.org/entity/Q25457248$93171
=650  \0$aPoetry$1http://www.wikidata.org/entity/Q482$93026
=651  \0$aNetherlands$1http://www.wikidata.org/entity/Q55$1http://www.wikidata.org/entity/Q29999$9173
=773  \\$02517$tEmblemata : Emblèmes chrestienes et morales$w2517
=942  \\$cBOO
=952  \\$00$10$2ddc$40$6KTS_1_000000000000000_C1_16_09H03D$70$8RAR$92516$aORPH$bORPH$cKTS1_C1$d2020-07-08$eKoopman$l0$oKTS1 C1.16 09H03d$p20136917d$r2021-01-12 00:00:00$w2021-01-12$yBOO
=999  \\$d2516

