=LDR  01301aam a2200253   4500
=001  2517
=008  210707s1625\\\\\\\af|||\||||\00|\0\mul\d
=041  \\$afre$adut
=100  \\$aHeyns, Zacharias$d1566-1630$4aut$96874
=245  \\$aEmblemata :$bEmblèmes chrestienes et morales. Sinne-beelden streckende tot Christlicke bedenckinghe
=250  \\$a1st ed.
=260  \\$aRotterdam$bvan Waesberge$c1625
=300  \\$a[114] pages
=500  \\$aContains 25 emblems in circular shape
=501  \\$aEmblemata moralia: Les emblèmes morales. De sinne-beelden streckende tot leere der zedicheyt
Sinne-spel van de dry hoofd-deuchden
Deuchden-schole ofte Spieghel der jonghe-dochteren
=648  \0$a17th Century (1601-1700)$1http://www.wikidata.org/entity/Q7016$920923
=650  \0$aMoral education$1http://www.wikidata.org/entity/Q25457248$93171
=650  \0$aPoetry$1http://www.wikidata.org/entity/Q482$93026
=650  \0$aEmblem$1http://www.wikidata.org/entity/Q112110$93250
=700  \\$4ill$aSweelinck, Jan Gerritsz$96875
=773  \\$02517$tEmblemata : Emblèmes chrestienes et morales$w2517
=942  \\$cBOO
=952  \\$00$10$2ddc$40$6KTS_1_000000000000000_C1_16_09H03A$70$8RAR$92517$aORPH$bORPH$cKTS1_C1$d2020-07-08$eKoopman$l0$oKTS1 C1.16 09H03a$p20136917$r2021-01-12 00:00:00$w2021-01-12$yBOO
=999  \\$d2517

