=LDR  01470aam a2200265   4500
=001  2518
=008  210707s1625\\\\\\\af|||\||||\00|\0\mul\d
=041  \\$afre$adut
=100  \\$aHeyns, Zacharias$d1566-1630$4aut$96874
=245  \\$aEmblemata moralia = Les emblèmes morales.$bDe sinne-beelden streckende tot leere der zedicheyt
=250  \\$a1st ed.
=260  \\$aRotterdam$b[van Waesberge]$c1625
=300  \\$a[ii]-99 pages
=500  \\$aContains 25 emblems in circular shape
=501  \\$aEmblemata: Emblèmes chrestienes et morales. Sinne-beelden streckende tot Christlicke bedenckinghe
Sinne-spel van de dry hoofd-deuchden
Deuchden-schole ofte Spieghel der jonghe-dochteren
=648  \0$a17th Century (1601-1700)$1http://www.wikidata.org/entity/Q7016$920923
=650  \0$aMoral education$1http://www.wikidata.org/entity/Q25457248$93171
=650  \0$aPoetry$1http://www.wikidata.org/entity/Q482$93026
=650  \0$aEmblem$1http://www.wikidata.org/entity/Q112110$93250
=651  \0$aNetherlands$1http://www.wikidata.org/entity/Q55$1http://www.wikidata.org/entity/Q29999$9173
=773  \\$02517$tEmblemata : Emblèmes chrestienes et morales$w2517
=856  \\$uhttps://www.dbnl.org/tekst/heyn003embl03_01/$3Digital Library for Dutch Literature (DBNL)
=942  \\$cBOO
=952  \\$00$10$2ddc$40$6KTS_1_000000000000000_C1_16_09H03B$70$8RAR$923905$aORPH$bORPH$cKTS1_C1$d2020-07-08$eKoopman$l0$oKTS1 C1.16 09H03b$p20136917b$r2021-01-12 00:00:00$w2021-01-12$yBOO
=999  \\$d2518

