=LDR  00923    a2200205   4500
=001  2521
=008  210707s1693\\\\\\\|||||\||||\00|\0\lat\d
=041  \\$alat
=245  \\$aQ. D. B. V. de gigantibus ad exprimendam Gigantomachiam poeticam
=260  \\$aJena$bMüller$c1693
=300  \\$a32 pages
=561  \\$aEx libris Charles D. Humberd
=648  \0$a17th Century (1601-1700)$1http://www.wikidata.org/entity/Q7016$920923
=650  \0$aMythology$1http://www.wikidata.org/entity/Q9134$921600
=650  \0$aLiterature$1http://www.wikidata.org/entity/Q8242$94439
=700  \\$4aut$aKiesewetter, Johann Christoph$d1666-1744$1http://www.wikidata.org/entity/Q21543409$96877
=700  \\$4aut$aZange, Johann Martin$96878
=942  \\$cBOO
=952  \\$00$10$2ddc$40$6KTS_1_000000000000000_C1_16_09H05$70$8RAR$92521$aORPH$bORPH$cKTS1_C1$d2020-07-08$eKoopman$i09H05$oKTS1 C1.16 09H05$p20136929$r2021-01-12 00:00:00$w2021-01-12$yBOO
=999  \\$d2521

