=LDR  01575aam a2200253   4500
=001  2523
=008  210707s1602\\\\\\\|||||\||||\00|\0\lat\d
=041  \\$alat
=100  \\$aLipsius, Justus$d1547-1606$4aut$1http://www.wikidata.org/entity/Q315871$96803
=245  \\$aOratio de obitu illustrissimi principis Iohannis Guilielmi ducis Saxoniæ
=260  \\$aHalle$bKruseken$bHynitzius$c1602
=300  \\$a29 pages
=500  \\$aJustus Lipsius (1547-1606) was a philologist, philosopher and humanist. Johann Wilhelm, Duke of Saxe-Weimar (1530-1573) was a general to King Charles IX of France in the campaign against the Huguenots, which alienated him from his Protestant subjects. Emperor Maximilian II played off Johann Wilhelm against his brothers, leading to the division of the duchy of Saxony in 1572.
=500  \\$aAnnotations in green throughout the book
=600  \0$aJohann Wilhelm$cHerzog zu Sachsen-Weimar$d1530-1573$921882
=648  \0$a17th Century (1601-1700)$1http://www.wikidata.org/entity/Q7016$920923
=650  \0$aHistory$1http://www.wikidata.org/entity/Q309$921403
=650  \0$aDeath$1http://www.wikidata.org/entity/Q4$94425
=650  \0$aRhetoric$1http://www.wikidata.org/entity/Q81009$93894
=651  \0$aSaxony (Germany)$1http://www.wikidata.org/entity/Q1202$955
=856  \\$uhttps://books.google.be/books?id=9R_v09DMtSkC$3Google Books
=942  \\$cBOO
=952  \\$00$10$2ddc$40$6KTS_1_000000000000000_C1_16_09H07$70$8RAR$92523$aORPH$bORPH$cKTS1_C1$d2020-07-08$eKoopman$i09H07$l0$oKTS1 C1.16 09H07$p20136921$r2021-01-12 00:00:00$w2021-01-12$yBOO
=999  \\$d2523

