=LDR  01723    a2200277   4500
=001  2527
=008  210708s1748\\\\\\\|||||\||||\00|\0\ger\d
=041  \\$ager
=059  \\$av
=245  \\$aAgenda,$bdas ist: Kirchen-Ordnung, Wie sich die Pfarrherren und Seelsorger in ihren Aemtern und Diensten verhalten sollen
=260  \\$aLeipzig$bLanck$c1748
=300  \\$a[iv]-258-[4] pages$bmusic examples
=500  \\$athe 'Saxon Agenda' was extensively reprinted throughout the sixteenth, seventeenth and eighteenth centuries, see also X2C10
=501  \\$aVollstandiges Kirchen-Buch
Rescript: Die Verehligung und Copulation der Soldaten betreffend
Der Kleine Catechismus, ohne und mit der Auslegung
Die allgemein und gewohnlichen Kirchen-Gebete, als da ist: Die Beichte Sonntags- und Betstunden-Gebet
Ehe-Ordnung
=534  \\$aOriginally published in 1540
=648  \0$a18th Century (1701-1800)$1http://www.wikidata.org/entity/Q7015$920899
=650  \0$aLutheranism$1http://www.wikidata.org/entity/Q75809$923975
=651  \0$aLeipzig (Germany)$1http://www.wikidata.org/entity/Q2079$945
=653  \0$amuziek in eredienst$377, 78, 79-91, 93, 98-128, 131-140, 141, 142$020136926b$w09H12b$935012
=653  \\$areuteren op muziek$3100-114, 131-138$938394$020136926b$w09H12b
=773  \\$020187$tZum Friedens Feste$w20187
=856  \\$uhttp://resolver.sub.uni-goettingen.de/purl?PPN641335652
=856  \\$uhttps://manifests.sub.uni-goettingen.de/iiif/presentation/PPN641335652/manifest?version=7a696723$3IIIF manifest
=942  \\$cBOO
=952  \\$00$10$2ddc$40$6KTS_1_000000000000000_C1_16_09H12B$70$8RAR$92527$aORPH$bORPH$cKTS1_C1$d2020-07-08$eKoopman$l0$oKTS1 C1.16 09H12b$p20136926b$r2021-01-12 00:00:00$w2021-01-12$yBOO
=999  \\$d2527

