=LDR  00935aam a2200205   4500
=001  2528
=008  210708b\\\\\\\\\\\|||||\||||\00|\0\ger\d
=041  \\$ager
=245  \\$aDie allgemein und gewohnlichen Kirchen-Gebete,$bals da ist: Die Beichte, Sonntags- und Betstunden-Gebet
=260  \\$aLeipzig [?]$bRichter [?]$c17xx
=300  \\$a[xxii] pages
=534  \\$aOriginally published in 1702?
=648  \0$a18th Century (1701-1800)$1http://www.wikidata.org/entity/Q7015$920899
=650  \0$aPrayer$1http://www.wikidata.org/entity/Q40953$921486
=650  \0$aLutheranism$1http://www.wikidata.org/entity/Q75809$923975
=651  \0$aGermany$1http://www.wikidata.org/entity/Q183$9155
=773  \\$020187$tZum Friedens Feste$w20187
=942  \\$cBOO
=952  \\$00$10$2ddc$40$6KTS_1_000000000000000_C1_16_09H12E$70$8RAR$92528$aORPH$bORPH$cKTS1_C1$d2020-07-08$eKoopman$l0$oKTS1 C1.16 09H12e$p20136926e$r2021-01-12 00:00:00$w2021-01-12$yBOO
=999  \\$d2528

