=LDR  01303aam a2200229   4500
=001  2529
=008  210708s1709\\\\\\\|||||\||||\00|\0\ger\d
=041  \\$ager
=245  \\$aRescript:$bDie Verehligung und Copulation der Soldaten betreffend
=260  \\$aDresden$bs.n.$c1709
=300  \\$a[iii] pages
=501  \\$aVollstandiges Kirchen-Buch
Agenda, das ist: Kirchen-Ordnung, Wie sich die Pfarrherren und Seelsorger in ihren Aemtern und Diensten verhalten sollen
Der Kleine Catechismus, ohne und mit der Auslegung
Die allgemein und gewohnlichen Kirchen-Gebete, als da ist: Die Beichte Sonntags- und Betstunden-Gebet
Ehe-Ordnung
=534  \\$aOriginally published in 1693?
=648  \0$a18th Century (1701-1800)$1http://www.wikidata.org/entity/Q7015$920899
=650  \0$aMoral education$1http://www.wikidata.org/entity/Q25457248$93171
=650  \0$aMilitary history$1http://www.wikidata.org/entity/Q192781$93874
=650  \0$aSexuality$1http://www.wikidata.org/entity/Q154136$927146
=651  \0$aGermany$1http://www.wikidata.org/entity/Q183$9155
=773  \\$020187$tZum Friedens Feste$w20187
=942  \\$cBOO
=952  \\$00$10$2ddc$40$6KTS_1_000000000000000_C1_16_09H12C$70$8RAR$92529$aORPH$bORPH$cKTS1_C1$d2020-07-08$eKoopman$l0$oKTS1 C1.16 09H12c$p20136926c$r2021-01-12 00:00:00$w2021-01-12$yBOO
=999  \\$d2529

