=LDR  02463aam a2200313   4500
=001  2530
=005  20251013181109.0
=008  210503s1743\\\\\\\|||||\||||\00|\0\ger\d
=041  \\$ager
=100  \\$aLoeffler, Friedrich Simon$d1669-1748$4edt$4win$1http://www.wikidata.org/entity/Q16888026$96883
=245  \\$aVollstandiges Kirchen-Buch
=250  \\$a1st ed.
=260  \\$aLeipzig$bLanck$c1743
=300  \\$a[iliv]-544 pages$bengraved frontispiece in red and black ink
=500  \\$aFriedrich Simon Loeffler (1669-1748), a cousin and heir of Gottfried Wilhelm Leibniz, was a theologian
=501  \\$aBound in with 'Agenda, das ist: Kirchen-Ordnung, Wie sich die Pfarrherren und Seelsorger in ihren Aemtern und Diensten verhalten sollen', 'Rescript: Die Verehligung und Copulation der Soldaten betreffend', 'Der Kleine Catechismus, ohne und mit der Auslegung', 'Die allgemein und gewohnlichen Kirchen-Gebete, als da ist: Die Beichte Sonntags- und Betstunden-Gebet', and 'Ehe-Ordnung'
=590  \\$aDarinnen die Evangelia und Episteln auf alle Fest-, Sonn- und Apostel-Tage durchs ganze Jahr, die Historien von dem schmerzlichen Leiden und der fröhlichen Auferstehung des Hern Christi, samt der erbärmlichen Zerstörung der Stadt Jerusalem, die drey Haupt-Symbola und Augspurgische Confeßion, und viele Collecten auf die Sonn- und Fest-Tage und unterschiedliche Fälle, wie auch der kleine Catechismus Lutheri, die Kirchen-Agenda, Ehe-Ordnung und allgemeinen Gebete, die in den Chur-Sächs. Ländern gebraucht werden, enthalten. Anjetzo von neuem mit Fleiß übersehen, und mit einer besendern Vorrede herausgegeben.
=648  \0$a18th Century (1701-1800)$1http://www.wikidata.org/entity/Q7015$920899
=650  \0$aLutheranism$1http://www.wikidata.org/entity/Q75809$923975
=650  \0$aLute$1http://www.wikidata.org/entity/Q180733$93944
=650  \0$aSermon$1http://www.wikidata.org/entity/Q60797$921869
=651  \0$aLeipzig (Germany)$1http://www.wikidata.org/entity/Q2079$945
=653  \0$amuziek in eredienst$3431, 432$020136926a$w09H12a$935012
=653  \\$aAugsburger confession$3401-466$928867$020136926a$w09H12a
=653  \\$aBudhagen, J._Passion$3291-344$930004$020136926a$w09H12a
=773  \\$020187$tZum Friedens Feste$w20187
=942  \\$cBOO
=952  \\$00$10$2ddc$40$6KTS_1_000000000000000_C1_16_09H12A$70$8RAR$92530$aORPH$bORPH$cKTS1_C1$d2020-07-08$eKoopman$l0$oKTS1 C1.16 09H12a$p20136926a$r2021-01-12 00:00:00$w2021-01-12$yBOO
=999  \\$d2530

