=LDR  01180aam a2200229   4500
=001  2531
=008  210708r1747\\\\\\\|||||\||||\00|\0\ger\d
=041  \\$ager
=100  \\$aLuther, Martin$d1483-1546$4aut$1http://www.wikidata.org/entity/Q9554$94999
=245  \\$aKleine Catechismus,$bOhne und mit der Auslegung, nebenst den Frag-Stücken und Haus-Tafel vor die Christliche Gemeine
=260  \\$aLeipzig$bLanck$c1747
=300  \\$a[vi]-56 pages
=534  \\$aOriginally published as 'Enchiridion: Der kleine Catechismus für die gemeine Pfarher und Prediger' (1529)
=648  \0$a18th Century (1701-1800)$1http://www.wikidata.org/entity/Q7015$920899
=650  \0$aLutheranism$1http://www.wikidata.org/entity/Q75809$923975
=650  \0$aEducation$1http://www.wikidata.org/entity/Q8434$926206
=650  \0$aTheology$1http://www.wikidata.org/entity/Q34178$93009
=651  \0$aGermany$1http://www.wikidata.org/entity/Q183$9155
=773  \\$020187$tZum Friedens Feste$w20187
=942  \\$cBOO
=952  \\$00$10$2ddc$40$6KTS_1_000000000000000_C1_16_09H12D$70$8RAR$92531$aORPH$bORPH$cKTS1_C1$d2020-07-08$eKoopman$l0$oKTS1 C1.16 09H12d$p20136926d$r2021-01-12 00:00:00$w2021-01-12$yBOO
=999  \\$d2531

