=LDR  01223    a2200265   4500
=001  2533
=008  210708s1777\\\\\\\||k||\||||\00|\0\lat\d
=041  \\$alat
=059  \\$avv
=245  \\$aHymnorum precumque formulæ ad portensium alumnorum usum Bibliothecæ Publicæ
=260  \\$aLeipzig$bBreitkopf$c1777
=300  \\$a186-[4] pages
=336  \\$anotated music
=336  \\$aprinted
=500  \\$ams. notes in the front and the back
=648  \0$a18th Century (1701-1800)$1http://www.wikidata.org/entity/Q7015$920899
=650  \0$aReligion$1http://www.wikidata.org/entity/Q9174$93062
=650  \0$aSong$1http://www.wikidata.org/entity/Q7366$94164
=650  \0$aVocal music$1http://www.wikidata.org/entity/Q685884$93319
=653  \0$aop de wijze van $3140-143, 148, 162, 167$020136925$w09H14$935398
=653  \0$ameer benutten zelfde partituur$3wb$020136925$w09H14$934589
=856  \\$uhttps://reader.digitale-sammlungen.de/en/fs1/object/display/bsb10702073_00001.html$3Bavarian State Library
=942  \\$cSCO
=952  \\$00$10$2ddc$40$6KTS_1_000000000000000_C1_16_09H14$70$8RAR$92533$aORPH$bORPH$cKTS1_C1$d2020-07-08$eKoopman$i09H14$l0$oKTS1 C1.16 09H14$p20136925$r2021-01-12 00:00:00$w2021-01-12$ySCO
=999  \\$c2533$d2533

