=LDR  02583    a2200481   4500
=001  2537
=008  210708s1755\\\\\\\|||||\||||\00|\0\fre\d
=041  \\$afre
=100  \\$aRameau, Jean-Philippe$d1683-1764$4aut$1http://www.wikidata.org/entity/Q1145$94787
=245  \\$aErreurs sur la musique dans l'Encyclopédie
=250  \\$a1st ed.
=260  \\$aParis$bJorry$c1755
=300  \\$a124 pages
=501  \\$aBound in with 'Observations sur notre instinct pour la musique, et sur son principe' and 'Suite des Erreurs sur la musique dans l'Encyclopédie'
=648  \0$a18th Century (1701-1800)$1http://www.wikidata.org/entity/Q7015$920899
=650  \0$aEnlightenment$1http://www.wikidata.org/entity/Q12539$94532
=650  \0$aMusic theory$1http://www.wikidata.org/entity/Q193544$92662
=650  \0$aComposing$1http://www.wikidata.org/entity/Q92186587$93076
=651  \0$aFrance$1http://www.wikidata.org/entity/Q142$9131
=653  \0$a?-stemmig bc$328, 29$020136937b$w09H19b$928330
=653  \0$abasse fondamentale$368, 69, 108$020136937b$w09H19b$929156
=653  \0$abasso continuo$33-5, 5-8, 28, 29, 30, 65, 66$020136937b$w09H19b$929163
=653  \0$aCastel$346, 47$020136937b$w09H19b$930272
=653  \0$aD'Alembert$394, 102, 103$020136937b$w09H19b$930888
=653  \0$aDiderot / D'Alembert_Encyclopedie$3wb$020136937b$w09H19b$931063
=653  \0$aemoties$327, 37, 47$020136937b$w09H19b$931445
=653  \0$aenharmonisch$356, 57, 59$020136937b$w09H19b$931478
=653  \0$aEuler$3106$020136937b$w09H19b$931547
=653  \0$afrans - italiaans$35, 6, 15, 16, 21, 39, 40, 41, 42, 43$020136937b$w09H19b$931871
=653  \0$atempo$344$020136937b$w09H19b$936814
=653  \0$agoût$343, 44$020136937b$w09H19b$932303
=653  \0$avingerzetting$365-67$020136937b$w09H19b$937568
=653  \0$aKircher$348$020136937b$w09H19b$933413
=653  \0$aZarlino$348$020136937b$w09H19b$938113
=653  \0$aRousseau, J.J.$316, 26, 33, 35, 36, 41, 42, 72$020136937b$w09H19b$938595
=653  \0$aMersenne, M. $3100$020136937b$w09H19b$934693
=653  \\$abasso continuo_en volume$316, 28-30, 31$929187$020136937b$w09H19b
=653  \\$aonbecijferd bc$36$935378$020136937b$w09H19b
=773  \\$02538 $tObservations sur notre instinct pour la musique, et sur son principe$w2538 
=856  \\$uhttps://gallica.bnf.fr/view3if/ga/ark:/12148/bpt6k8509180$3IIIF
=942  \\$cBOO
=952  \\$00$10$2ddc$40$6KTS_1_000000000000000_C1_17_09H19B$70$8RAR$92537$aORPH$bORPH$cKTS1_C1$d2020-07-08$eKoopman$oKTS1 C1.17 09H19b$p20136937b$r2021-01-12 00:00:00$w2021-01-12$yBOO
=999  \\$d2537

