=LDR  02278aam a2200385   4500
=001  2538
=005  20251001162312.0
=008  210708s1754\\\\\\\|||||\||||\00|\0\fre\d
=041  \\$afre
=100  \\$aRameau, Jean-Philippe$d1683-1764$4aut$1http://www.wikidata.org/entity/Q1145$94787
=245  \\$aObservations sur notre instinct pour la musique, et sur son principe;$bOù les moyens de reconnoître d'un par l'autre, conduisent à pouvoir se rendre raison avec certitude des différens effets de cet Art
=250  \\$a1st ed.
=260  \\$aParis$bPrault$bLambert$bDuchesne$c1754
=300  \\$axvi-126-7 folded pages$bmusic examples
=501  \\$a Bound in with 'Erreurs sur la musique dans l'Encyclopédie' and 'Suite des erreurs sur la musique dans l'Encyclopédie'
=561  \\$aEx Libris "Collection Musicale d´André Meyer décedé le 10.5.1974 - Il a aimé passionément J.Ph.Rameau" (manuscript)
=648  \0$a18th Century (1701-1800)$1http://www.wikidata.org/entity/Q7015$920899
=650  \0$aMusic theory$1http://www.wikidata.org/entity/Q193544$92662
=650  \0$aMusic philosophy and aesthetics$1http://www.wikidata.org/entity/Q2092865$921165
=651  \0$aFrance$1http://www.wikidata.org/entity/Q142$9131
=653  \0$abasse fondamentale$310, 14, 78$020136937a$w09H19a$929156
=653  \0$aCastel$35$020136937a$w09H19a$930272
=653  \0$adynamiek$3113$020136937a$w09H19a$931346
=653  \0$aenharmonisch$312, 13, 19, 64, 65, 68$020136937a$w09H19a$931478
=653  \0$aEuler$34$020136937a$w09H19a$931547
=653  \0$afrans - italiaans$3ix, 65, 83$020136937a$w09H19a$931871
=653  \0$aimprovisatie$311$020136937a$w09H19a$933059
=653  \0$aZarlino$322, 23$020136937a$w09H19a$938113
=653  \0$azuiverheid$313$020136937a$w09H19a$938176
=653  \0$aRousseau, J.J.$369, 72, 74, 96, 97, 114, 122$020136937a$w09H19a$938595
=653  \0$aLully, J.B.$356, 57, 64, 70, 74, 76, 77, 78, 80, 81, 83, 100, 104, 114, 116, 119$020136937a$w09H19a$934276
=856  \\$uhttps://gallica.bnf.fr/view3if/ga/ark:/12148/btv1b86232867$3IIIF
=942  \\$cBOO
=952  \\$00$10$2ddc$40$6KTS_1_000000000000000_C1_17_09H19A$70$8RAR$92538$aORPH$bORPH$cKTS1_C1$d2020-07-08$eKoopman$l0$oKTS1 C1.17 09H19a$p20136937a$r2021-01-12 00:00:00$w2021-01-12$yBOO
=999  \\$d2538

