=LDR  01571    a2200313   4500
=001  2539
=005  20251001162312.0
=008  210708s1756\\\\\\\|||||\||||\00|\0\fre\d
=041  \\$afre
=100  \\$aRameau, Jean-Philippe$d1683-1764$4aut$1http://www.wikidata.org/entity/Q1145$94787
=245  \\$aSuite des erreurs sur la musique dans l'Encyclopédie
=250  \\$a1st ed.
=260  \\$aParis$b[Jorry]$c1756
=300  \\$a39 pages
=501  \\$aBound in with 'Observations sur notre instinct pour la musique, et sur son principe' and 'Erreurs sur la musique dans l'Encyclopédie'
=648  \0$a18th Century (1701-1800)$1http://www.wikidata.org/entity/Q7015$920899
=650  \0$aMusic theory$1http://www.wikidata.org/entity/Q193544$92662
=650  \0$aMusic philosophy and aesthetics$1http://www.wikidata.org/entity/Q2092865$921165
=650  \0$aEnlightenment$1http://www.wikidata.org/entity/Q12539$94532
=651  \0$aFrance$1http://www.wikidata.org/entity/Q142$9131
=653  \0$aDiderot / D'Alembert_Encyclopedie$3wb, 38, 39$020136937c$w09H19c$931063
=653  \0$aenharmonisch$31, 9-39$020136937c$w09H19c$931478
=653  \0$aZarlino$35, 18, 33$020136937c$w09H19c$938113
=653  \0$aRousseau, J.J.$31, 19, 27, 37$020136937c$w09H19c$938595
=773  \\$02538$w2538
=856  \\$uhttps://gallica.bnf.fr/view3if/ga/ark:/12148/bpt6k83800j$3IIIF
=942  \\$cBOO
=952  \\$00$10$2ddc$40$6KTS_1_000000000000000_C1_17_09H19C$70$8RAR$92539$aORPH$bORPH$cKTS1_C1$d2020-07-08$eKoopman$l0$oKTS1 C1.17 09H19c$p20136937c$r2021-01-12 00:00:00$w2021-01-12$yBOO
=999  \\$d2539

