=LDR  02236    a2200301   4500
=001  2547
=008  210709s1712\\\\\\\|||||\||||\00|\p\dut\d
=041  \\$adut
=100  \\$aBidloo, Govert$d1649-1713$4aut$1http://www.wikidata.org/entity/Q1397888$96890
=245  \\$aBrieven der gemartelde apostelen
=250  \\$a3rd ed.
=260  \\$aAmsterdam$bVisser$c1712
=300  \\$a[xii]-122 pages$billustrations
=500  \\$aReissued several times before Bidloo’s death, the text and plates depict the author’s warning against the seducing power of good food, wine, and other earthly delights. Gruesome suffering shown includes stoning, quartering, beating, burning, and other bodily tortures endured by these saints, as necessary preparation for the next world.
=500  \\$aDramatic engravings of a martyred woman (title page) and the martyred Apostels. Although the plates are not signed, several sources attribute the engravings to the gifted and socially well connected artist, Romeyn de Hooghe (1645–1708). There might have been dissatisfaction with the result because Bidloo writes elsewhere about the artist’s incompetence* and later, the plates for Bidloo’s monumental 'Anatomia humani corporis' (Amsterdam, 1685) were drawn by Gérard de Lairesse (1640–1711), and engraved by Abraham Blooteling (1640–1690) and Peter van Gunst (1659?–1724?).
=501  \\$aBound in with 'Mengel poëzy'
=534  \\$aOriginally published in 1675
=648  \0$a17th Century (1601-1700)$1http://www.wikidata.org/entity/Q7016$920923
=648  \0$a18th Century (1701-1800)$1http://www.wikidata.org/entity/Q7015$920899
=650  \0$aReligion$1http://www.wikidata.org/entity/Q9174$93062
=651  \0$aNetherlands$1http://www.wikidata.org/entity/Q55$9173
=653  \0$aVenetië$3108-110$0None$w09H26b$937377
=700  \\$aHooghe, Romeyn de$d1645-1708$1http://www.wikidata.org/entity/Q278068$4ill$914823
=773  \\$02548$tMengel poëzy$w2548
=856  \\$uhttps://books.google.be/books?id=HZ1ZAAAAcAAJ$3Google Books
=942  \\$cBOO
=952  \\$00$10$2ddc$40$6KTS_1_000000000000000_C1_17_09H26B$70$8RAR$92547$aORPH$bORPH$cKTS1_C1$d2020-07-08$eKoopman$l0$oKTS1 C1.17 09H26b$p20136943b$r2021-01-12 00:00:00$w2021-01-12$yBOO
=999  \\$d2547

