=LDR  04802aam a2200865   4500
=001  2548
=008  210709s1719\\\\\\\|||||\||||\00|\p\dut\d
=041  \\$adut
=100  \\$aBidloo, Govert$d1649-1713$4aut$1http://www.wikidata.org/entity/Q1397888$96890
=245  \\$aMengel poëzy
=250  \\$a1st ed.
=260  \\$aLeiden$bLangerak$c1719
=300  \\$a[xxxviii]-196 pages$billustrations
=500  \\$aContains Huw'lykszangen, verjaarzangen, eerzangen, lykzangen, mengelzangen, "Vrede en liefde", as well as the foreplay to "Granida en Daifilo, Herderspel" by P.C. Hooft, performed Schouwburg Amsterdam, 1684 , on the occasion of the marriage of Isabella Hooft and Jacob Hop 
=500  \\$aBeautiful title page engraving by F. Bleyswyck after a design by F. van Mieris, showing a portrait of the deceased poet Bidloo, allegoricaly surrounded by the Muse of Poetry and Cupids
=501  \\$aBound in with 'Brieven der gemartelde apostelen'
=563  \\$aBound in white vellum
=648  \0$a18th Century (1701-1800)$1http://www.wikidata.org/entity/Q7015$920899
=648  \0$a17th Century (1601-1700)$1http://www.wikidata.org/entity/Q7016$920923
=650  \0$aPoetry$1http://www.wikidata.org/entity/Q482$93026
=650  \0$aPlay (theater)$1http://www.wikidata.org/entity/Q25379$921414
=651  \0$aNetherlands$1http://www.wikidata.org/entity/Q55$9173
=653  \0$a??$3titelprent$020136943$w09H26a$928331
=653  \0$aaulos$350, 65$020136943$w09H26a$928873
=653  \0$aBidloo, G.$3241$020136943$w09H26a$929555
=653  \0$aBidloo, G._portret$3titelprent$020136943$w09H26a$929556
=653  \0$aop de wijze van $349, 50, 51, 53, 55, 57, 160, 162$020136943$w09H26a$935398
=653  \0$adansen$311-15, 22, 30$020136943$w09H26a$930928
=653  \0$apanfluit$3titelprent$020136943$w09H26a$935736
=653  \0$aTitiaan$3179, 184$020136943$w09H26a$936955
=653  \0$aharp$327$020136943$w09H26a$932582
=653  \0$ahobo$3titelprent, 179$020136943$w09H26a$932805
=653  \0$ahoboriet$3titelprent$020136943$w09H26a$932814
=653  \0$aHooft, P.C.$3vw, 6, 9, 30, 221$020136943$w09H26a$932893
=653  \0$aVondel, J. vd$3xx(i), xxx4, 82, 183, 213-224, 258$020136943$w09H26a$937737
=653  \0$aJordaens$3181$020136943$w09H26a$933247
=653  \0$aLairesse, G. de$3176, 182$020136943$w09H26a$933856
=653  \0$amise-en-scène$317, 22, 24, 27, 217, 243, 250$020136943$w09H26a$939272
=653  \\$aBaerle, van $3221$929019$020136943$w09H26a
=653  \\$aBassani$3180, 184$929145$020136943$w09H26a
=653  \\$aBrouwer, J.$3180$929969$020136943$w09H26a
=653  \\$aCorregio$3184$930757$020136943$w09H26a
=653  \\$aCoster$3221$930771$020136943$w09H26a
=653  \\$aCourt, P. de la$3107-113$930813$020136943$w09H26a
=653  \\$aCrama, E.$3168-171$930828$020136943$w09H26a
=653  \\$aCrucius, W.$383-89$930865$020136943$w09H26a
=653  \\$aFlines, F. de_verzamelaar$3173-185$931770$020136943$w09H26a
=653  \\$aGelder, A. van $3182$932088$020136943$w09H26a
=653  \\$aGeorgione$3184$932122$020136943$w09H26a
=653  \\$aGronovius, J.$381-89$932419$020136943$w09H26a
=653  \\$aHals, Frans$3181$99101$020136943$w09H26a
=653  \\$aKoerten, J. $3167$933659$020136943$w09H26a
=653  \\$aloterij$3265$934223$020136943$w09H26a
=653  \\$aMantegna$3184$934434$020136943$w09H26a
=653  \\$aMeerhuizen, J. van $3243, 244$934592$020136943$w09H26a
=653  \\$aMieris, F. van $398, 99, 105, 203$934754$020136943$w09H26a
=653  \\$aMylius, W.$3xx3, 89, 194$935119$020136943$w09H26a
=653  \\$apapierknipkunst$3167$935752$020136943$w09H26a
=653  \\$aPoelgeest, N. van $3xx4, xxx4$936043$020136943$w09H26a
=653  \\$aRaphael$3105, 184$923122$020136943$w09H26a
=653  \\$aRembrandt$3181$914481$020136943$w09H26a
=653  \\$aRuyter, M. de$3228$938656$020136943$w09H26a
=653  \\$aschilderijen in Nederlandse collectie 18e eeuw$3185, 173-185$938863$020136943$w09H26a
=653  \\$aSwanevelt$3180$936687$020136943$w09H26a
=653  \\$aSweerts, H.$3204-206, 250, 251$936694$020136943$w09H26a
=653  \\$aTintoretto$3184$914794$020136943$w09H26a
=653  \\$aVeronese, P.$3178$937454$020136943$w09H26a
=653  \\$aVinci, L. da $3184$020136943$w09H26a$937562
=653  \\$aWillem III & Mary$3153-166, 188, 189, 190$937976$020136943$w09H26a
=653  \\$aWit, de$3182$938013$020136943$w09H26a
=653  \\$aWit, J. &. C. de$3225-228, 256$938014$020136943$w09H26a
=856  \\$uhttps://books.google.be/books?id=czWFheMJpuUC$3Google Books
=942  \\$cBOO
=952  \\$00$10$2ddc$40$6KTS_1_000000000000000_C1_17_09H26A$70$8RAR$92548$aORPH$bORPH$cKTS1_C1$d2020-07-08$eKoopman$l1$oKTS1 C1.17 09H26a$p20136943a$r2025-05-05 15:32:54$s2025-05-05$w2021-01-12$yBOO
=999  \\$d2548

