=LDR  23595aam a2204177   4500
=001  2549
=005  20251028152329.0
=008  210709s1726\\\\\\\|||||\||||\00|\0cger\d
=041  \\$ager
=100  1\$aJöcher, Christian Gottlieb$d1694-1758$4aut$1http://www.wikidata.org/entity/Q71577$925702
=245  \\$aCompendiöses Gelehrten-Lexicon 
=250  \\$a1st ed.
=260  \\$aLeipzig$bGleditsch$c1726
=300  \\$a2 volumes ([xxvi]-814+841-[4] pages)
=500  \\$aChristian Gottlieb Jöcher (1694-1758) was a theologian and historian from Leipzig; his comprehensive encyclopedia seeks to contain biographies of all scholars known up to that time.
=500  \\$aEngraved title page
=563  \\$aBound in white vellum
=590  \\$aDarinnen Die Gelehrten aller Stände, als Fürsten und Staats-Leute, die in der Literatur erfahren, Theologi, Prediger, Juristen, Politici, Medici, Philologi, Philosophi, Historici, Linguisten, Mathematici, Scholastici, Oratores und Poeten, so wohl männ- als weiblichen Geschlechts, welche vom Anfang der Welt grösten theils in gantz Europa bis auf jetzige Zeit gelebet ... kurtz und deutlich nach Alphabetischer Ordnung beschrieben worden ... ;.. Die Andere Auflage in zwey Theile getheilet, sorgfältig übersehen, und mit etlichen 1000 Articuln vermehret, ...
=648  \0$a18th Century (1701-1800)$1http://www.wikidata.org/entity/Q7015$920899
=650  \0$aBiography$1http://www.wikidata.org/entity/Q36279$91927
=650  \0$aEncyclopedia$1http://www.wikidata.org/entity/Q5292$92184
=650  \0$aDictionary$1http://www.wikidata.org/entity/Q23622$921580
=650  \0$aHumanism$1http://www.wikidata.org/entity/Q46158$92157
=651  \0$aEurope$1http://www.wikidata.org/entity/Q46$991
=653  \0$aAbraham a S. Clara$38, 9$020136956$w09H27_01$928430
=653  \0$aAddison, J.$331$020136956$w09H27_01$928486
=653  \0$aAgricola, M.$361$020136956$w09H27_01$928537
=653  \0$aAgricola, R.$361$020136956$w09H27_01$928538
=653  \0$aAlbert, H.$380$020136956$w09H27_01$928558
=653  \0$aAnslo, R.$3173$020136956$w09H27_01$928713
=653  \0$aAretino$31300$020136957$w09H27_02$928762
=653  \0$aAriosti$3211$020136956$w09H27_01$928774
=653  \0$aautodidakt$3911$020136957$w09H27_02$928879
=653  \0$abibliotheek$3tp, 191, 379, 383, 509, 628, 635, 639, 662, 680, 1114, 1223, 1413, 1586$020136956$w09H27_01$929548
=653  \0$abibliotheek$345, 166, 279, 339, 349, 378, 424, 448, 491, 555, 572, 700, 740, 896, 1106, 1203, 1212, 1352, 1469$020136957$w09H27_02$929548
=653  \0$aBirnbaum, J.A.$3396$020136956$w09H27_01$929587
=653  \0$aBarlaeus, C.$3305, 306$020136956$w09H27_01$929087
=653  \0$aBoccaccio$3407$020136956$w09H27_01$929652
=653  \0$aboekdruk$3911, 912$020136957$w09H27_02$929678
=653  \0$aboekdrukker$31145, 1294, 1366, 1522, 1635, 1648$020136957$w09H27_02$929681
=653  \0$aboekoplage$3724, 824$020136957$w09H27_02$929699
=653  \0$aBoileau, fam$3418, 417$020136956$w09H27_01$929731
=653  \0$abeiaard$314$020136957$w09H27_02$929377
=653  \0$aBossuet, J.B.$3443, 444$020136956$w09H27_01$929821
=653  \0$aBourdelot$3161$020136957$w09H27_02$929836
=653  \0$aBrederode$3465$020136956$w09H27_01$929896
=653  \0$abespeler van meer instrumenten$3886, 911$020136957$w09H27_02$929498
=653  \0$aBurmannus, F.$3503$020136956$w09H27_01$930054
=653  \0$aCalvisius, S.$3532$020136956$w09H27_01$930145
=653  \0$aCalvisius, S.$3374$020136957$w09H27_02$930145
=653  \0$aCats, J.$3997$020136957$w09H27_02$930312
=653  \0$aChaucer$3622$020136956$w09H27_01$930415
=653  \0$aChristina van Zweden$3633, 639$020136956$w09H27_01$930460
=653  \0$aChristina van Zweden$3117, 129, 135, 149, 161, 264, 997$020136957$w09H27_02$930460
=653  \0$aColbert$3745$020136957$w09H27_02$930580
=653  \0$aComenius$31629$020136957$w09H27_02$930611
=653  \0$aComenius, J.A.$3681, 682$020136956$w09H27_01$930612
=653  \0$aCommenius, J.A.$3625$020136957$w09H27_02$930615
=653  \0$aNeumeister$31277$020136957$w09H27_02$935210
=653  \0$aNewton$3287$020136957$w09H27_02$935219
=653  \0$acomponiste$3204?$020136956$w09H27_01$930632
=653  \0$acompositieloon$3434$020136957$w09H27_02$930641
=653  \0$acompositieloon$31222$020136957$w09H27_02$930641
=653  \0$aopera$3777$020136956$w09H27_01$935411
=653  \0$aCorneille$3776$020136957$w09H27_02$930742
=653  \0$aCorneille, P.$3705$020136956$w09H27_01$930743
=653  \0$aorgel in eredienst$348$020136957$w09H27_02$935479
=653  \0$aCrüger, J.$31477$020136956$w09H27_01$930866
=653  \0$adansen$3262$020136957$w09H27_02$930928
=653  \0$adansen$3682$020136957$w09H27_02$930928
=653  \0$aDante$3109$020136956$w09H27_01$930935
=653  \0$aDescartes, R.$3575, 647, 655$020136956$w09H27_01$931025
=653  \0$aDescartes, R.$3147, 307, 815, 1441, 1448$020136957$w09H27_02$931025
=653  \0$aoude muziek vroeger$3117$020136957$w09H27_02$935658
=653  \0$adichteres$3938, 1030, 1189, 1220, 1325, 1368, 1392, 1409, 1521$020136957$w09H27_02$931056
=653  \0$aPalladio$3416$020136957$w09H27_02$935727
=653  \0$adoedelzak$363$020136957$w09H27_02$931125
=653  \0$aPascal, B.$3452$020136957$w09H27_02$935779
=653  \0$aDonne, J.$3819$020136956$w09H27_01$931149
=653  \0$aDousa, J. en fam$3824, 825, 1251$020136956$w09H27_01$931179
=653  \0$aDraudius, J.$3826, 827$020136956$w09H27_01$931201
=653  \0$aDryden, J.$3831, 832$020136956$w09H27_01$931226
=653  \0$aPerrault, C.$3496$020136957$w09H27_02$935863
=653  \0$aPetrarca$31518$020136956$w09H27_01$935893
=653  \0$aPetrarca$3521$020136957$w09H27_02$935893
=653  \0$aDürer, A.$3839$020136956$w09H27_01$931324
=653  \0$apietisme$3940, 1114, 1115$020136957$w09H27_02$935971
=653  \0$aemblemata$31338, 1449$020136957$w09H27_02$931442
=653  \0$aemoties$3643$020136956$w09H27_01$931445
=653  \0$aErasmus$3134, 139, 546, 877, 878$020136956$w09H27_01$931501
=653  \0$aPrintz, W.C.$3661$020136957$w09H27_02$936212
=653  \0$aFenelon$3946, 947, 1033$020136956$w09H27_01$931656
=653  \0$aQuinault, Ph.$3692$020136957$w09H27_02$936305
=653  \0$aQuintilianus$3213$020136956$w09H27_01$936312
=653  \0$aRabelais$3697, 698$020136957$w09H27_02$936321
=653  \0$aRacine$3700$020136957$w09H27_02$936325
=653  \0$aSpinoza$31121, 1122$020136957$w09H27_02$936433
=653  \0$aSt. Evremont, C. de$3877$020136957$w09H27_02$936462
=653  \0$aFranck, M.$3998$020136956$w09H27_01$931853
=653  \0$aFuretiere, A.$31030$020136956$w09H27_01$931949
=653  \0$aSweelinck, J.P.$31194$020136957$w09H27_02$936692
=653  \0$atabak$389, 432, 454$020136956$w09H27_01$936718
=653  \0$aTasso, T.$31216, 1300$020136957$w09H27_02$936757
=653  \0$aThysius, A.$31274$020136957$w09H27_02$936922
=653  \0$aGrandi, A.$31137$020136956$w09H27_01$932329
=653  \0$agregoriaans$31147$020136956$w09H27_01$932368
=653  \0$aGronovius, J.F.$31160, 1161, 1162$020136956$w09H27_01$932420
=653  \0$aGroot, H.$31164-1166$020136956$w09H27_01$932423
=653  \0$aGruterus, J.$31169, 1170$020136956$w09H27_01$932447
=653  \0$aGruterus, J.$31283$020136957$w09H27_02$932447
=653  \0$aGuido van Arezzo$3206$020136956$w09H27_01$932474
=653  \0$aUffenbach, fam von $31398$020136957$w09H27_02$937270
=653  \0$aHarsdörffer, G.P.$31227$020136956$w09H27_01$932597
=653  \0$aHassler, H.L.$31232$020136956$w09H27_01$932613
=653  \0$aVasari, G.$31362$020136957$w09H27_02$937356
=653  \0$aHeinsius, D.$3922, 1251$020136956$w09H27_01$932679
=653  \0$aHeinsius, D.$3670$020136957$w09H27_02$932679
=653  \0$aHeinsius, N. $3922, 1251$020136956$w09H27_01$932683
=653  \0$aVinci, L. da $31680$020136957$w09H27_02$937562
=653  \0$aHooft, P.C.$31333$020136956$w09H27_01$932893
=653  \0$aVisscher, Anna Roemer$3809, 1424, 1425$020136957$w09H27_02$937634
=653  \0$aHunold, C.F.$31367$020136956$w09H27_01$933013
=653  \0$aimprovisatie$31602$020136957$w09H27_02$933059
=653  \0$aVondel, J. vd$31451$020136957$w09H27_02$937737
=653  \0$aVossius, fam. $3742, 1453, 1454, 1455-1457$020136957$w09H27_02$937782
=653  \0$aVossius, I.$3380$020136956$w09H27_01$937785
=653  \0$avuurwerk$3376$020136957$w09H27_02$937821
=653  \0$aWagenseil, J.C.$3678, 1475$020136957$w09H27_02$937835
=653  \0$aJohnson, B.$3715$020136957$w09H27_02$933226
=653  \0$akabalistiek$3952$020136957$w09H27_02$933280
=653  \0$aWillem III$31537, 1538$020136957$w09H27_02$937975
=653  \0$aKepler, J. en J. $31446, 1447$020136956$w09H27_01$933360
=653  \0$awonderkind$31570$020136956$w09H27_01$938047
=653  \0$awonderkind$3155, 715, 917, 996$020136957$w09H27_02$938047
=653  \0$aKircher, A.$31455, 1456$020136956$w09H27_01$933414
=653  \0$aKircher, A.$3981$020136957$w09H27_02$933414
=653  \0$aZarlino, J.$31602$020136957$w09H27_02$938115
=653  \0$aZwingli$31631$020136957$w09H27_02$938197
=653  \0$aZwolle$31297$020136957$w09H27_02$938200
=653  \0$akoffie$3432$020136956$w09H27_01$933661
=653  \0$aRevius, J.$3758$020136957$w09H27_02$938397
=653  \0$aRichelieu$3776$020136957$w09H27_02$938426
=653  \0$aRinucino, O. $3784$020136957$w09H27_02$938463
=653  \0$aRipa, C.$3785$020136957$w09H27_02$938464
=653  \0$aRist, J.$3318, 787, 788$020136957$w09H27_02$938468
=653  \0$aKrieger, A.$31477$020136956$w09H27_01$933760
=653  \0$aKuhnau, J.$31479$020136956$w09H27_01$933783
=653  \0$aRonsard$3823, 824$020136957$w09H27_02$938542
=653  \0$arozenkruisers$3264$020136957$w09H27_02$938613
=653  \0$aRubens, P.P.$3842$020136957$w09H27_02$938618
=653  \0$aLasso, O. di $31512$020136956$w09H27_01$933916
=653  \0$asalaris$331, 371, 575, 655, 876, 1040, 1132, 1350$020136956$w09H27_01$938697
=653  \0$asalaris$356, 175, 453, 632, 700, 877, 1013$020136957$w09H27_02$938697
=653  \0$aLehms, C.G.$31531$020136956$w09H27_01$933992
=653  \0$aLeibnitz$3307$020136957$w09H27_02$933995
=653  \0$aLeibnitz, G.W.$31532, 1533$020136956$w09H27_01$933998
=653  \0$aScaliger, J.J.$3933-935, 1188$020136957$w09H27_02$938785
=653  \0$aLobwasser, A.$31576$020136956$w09H27_01$934165
=653  \0$aLobwasser, A.$3100$020136957$w09H27_02$934165
=653  \0$aLocke, J.$31578$020136956$w09H27_01$934171
=653  \0$aScheidt, S.$3948$020136957$w09H27_02$938823
=653  \0$aSchein, J.H.$3948$020136957$w09H27_02$938827
=653  \0$aluit$3211 (sic)$020136956$w09H27_01$934262
=653  \0$aSchütz, H.$3999$020136957$w09H27_02$939007
=653  \0$aLully, J.B.$31614$020136956$w09H27_01$934276
=653  \0$aScriverius, P.$31012$020136957$w09H27_02$939032
=653  \0$aSecundus, J.$31019, 1020$020136957$w09H27_02$939036
=653  \0$aLuther, M. $31617-1620$020136956$w09H27_01$934296
=653  \0$aShakespeare$31051$020136957$w09H27_02$939086
=653  \0$aMarino, J.B.$363$020136957$w09H27_02$934469
=653  \0$aMarot, C.$367$020136957$w09H27_02$934477
=653  \0$aMattheson, J.$331?$020136956$w09H27_01$934535
=653  \0$amecenas$38$020136957$w09H27_02$934574
=653  \0$aMeibomius$3213$020136956$w09H27_01$934613
=653  \0$aMenestrier, C.F.$3135, 136$020136957$w09H27_02$934655
=653  \0$aMersenne, M. $3147, 148$020136957$w09H27_02$934693
=653  \0$aMeursius, J. en J.$3155, 156$020136957$w09H27_02$934730
=653  \0$aMilton, J.$3165, 166$020136957$w09H27_02$934766
=653  \0$aMoliere$3631, 632, 815$020136957$w09H27_02$934806
=653  \0$aMontaigne, M. $3193$020136957$w09H27_02$934837
=653  \0$aMonte, Ph. de $3197$020136957$w09H27_02$934843
=653  \0$aMorley, T.$3214$020136957$w09H27_02$934892
=653  \\$aafkortingen$3vw par. 20 en 23$928510$020136956$w09H27_01
=653  \\$aAguilera, S. de$366$928540$020136956$w09H27_01
=653  \\$aAitzema, L. ab$371$928548$020136956$w09H27_01
=653  \\$aAmerbach, B.$3134$928656$020136956$w09H27_01
=653  \\$aArion$3211$922447$020136956$w09H27_01
=653  \\$aAristoteles$3216, 217$94906$020136956$w09H27_01
=653  \\$aArminius, J.$3219, 220, 375, 876, 1115, 1165$928780$020136956$w09H27_01
=653  \\$aArndt, J. en fam$3222, 223, 412$928783$020136956$w09H27_01
=653  \\$aArnold, G.$3226, 227$928790$020136956$w09H27_01
=653  \\$aAurelianus$3262$928874$020136956$w09H27_01
=653  \\$aBach, W.$3272$928996$020136956$w09H27_01
=653  \\$aBarlaeus, L.$3305, 306$929088$020136956$w09H27_01
=653  \\$aBaryphanius, H.$3319$929125$020136956$w09H27_01
=653  \\$aBasanier, M.$3320$929136$020136956$w09H27_01
=653  \\$aBasilia, A.$3320$929140$020136956$w09H27_01
=653  \\$aBaudartius, W.$3328$929227$020136956$w09H27_01
=653  \\$aBellay, J. & fam du $3348$929394$020136956$w09H27_01
=653  \\$aBijns, Anna$3393$911989$020136956$w09H27_01
=653  \\$aBlaeu, W.$3399$929601$020136956$w09H27_01
=653  \\$aBorn, fam.$3436, 437$929792$020136956$w09H27_01
=653  \\$aBörner, fam$3414$929797$020136956$w09H27_01
=653  \\$aBourdeilles, P. / Brantôme$3450$929835$020136956$w09H27_01
=653  \\$aBrahe, T.$3457, 458$929874$020136956$w09H27_01
=653  \\$aBrahe, T.$365$929874$020136957$w09H27_02
=653  \\$aBrahe, T.$31538$929874$020136957$w09H27_02
=653  \\$aCalovius, A. en fam.$3529, 530$930139$020136956$w09H27_01
=653  \\$aCamoes, L.$3537$930155$020136956$w09H27_01
=653  \\$aCapocinus, A.$3553$930223$020136956$w09H27_01
=653  \\$aCarpzovius, B.$3571, 572, 573, 1338$930255$020136956$w09H27_01
=653  \\$aCarpzovius, fam$3571, 572, 573, 1338$930257$020136956$w09H27_01
=653  \\$aCastiglione, B.$3589, 590$930279$020136956$w09H27_01
=653  \\$aCastro, P. de$3499$930290$020136957$w09H27_02
=653  \\$aCavacci, A.$3559$930323$020136956$w09H27_01
=653  \\$acelibaat$3343$930342$020136957$w09H27_02
=653  \\$aCellini, B.$3605, 606$910160$020136956$w09H27_01
=653  \\$aCervantes$3863$930375$020136957$w09H27_02
=653  \\$aChurchill, W.$3637 sic$930469$020136956$w09H27_01
=653  \\$aCoccejus, J.$3663, 664$930562$020136956$w09H27_01
=653  \\$aCock, P.$3667$930566$020136956$w09H27_01
=653  \\$aCoehorn, M. v$3667$930571$020136956$w09H27_01
=653  \\$aCoornhert, V.$31449$930718$020136957$w09H27_02
=653  \\$aCopernicus$3697$930720$020136956$w09H27_01
=653  \\$aCornhert, V.$31470$930751$020136956$w09H27_01
=653  \\$aCoryat, G.A.$3713, 714$930765$020136956$w09H27_01
=653  \\$aDavenant, W.$3777$930959$020136956$w09H27_01
=653  \\$aDentice, fam$3789, 790$931016$020136956$w09H27_01
=653  \\$aDesmarets$3739$931029$020136957$w09H27_02
=653  \\$aDiruta, A.$3808, 809$931096$020136956$w09H27_01
=653  \\$aDoni, A.$3181, 819$931142$020136956$w09H27_01
=653  \\$aDullaert, H.$3834$910632$020136956$w09H27_01
=653  \\$aEnzina, J. de la $3872$931494$020136956$w09H27_01
=653  \\$aFabricius, W.$3922$931581$020136956$w09H27_01
=653  \\$aFaust$3938$922646$020136956$w09H27_01
=653  \\$aFerrabosco, H.$3440$931679$020136957$w09H27_02
=653  \\$aFlecha, M.$3974$931753$020136956$w09H27_01
=653  \\$aFontaine, J. de la $3984$931811$020136956$w09H27_01
=653  \\$aFrancke, J.$3998$931854$020136956$w09H27_01
=653  \\$aGlareanus, H.L.$31101$932217$020136956$w09H27_01
=653  \\$aGomarus$31115$932271$020136956$w09H27_01
=653  \\$aGoudimel, Claude$31127, 1128$98733$020136956$w09H27_01
=653  \\$aGronovius, J.$31160, 1161, 1162$932419$020136956$w09H27_01
=653  \\$aGroot, fam de$31164-1166$932422$020136956$w09H27_01
=653  \\$aGruterus, fam$31169, 1170$932446$020136956$w09H27_01
=653  \\$aGryphius, C.$31172, 1173$932451$020136956$w09H27_01
=653  \\$aGuarino, J.B.$31178$932460$020136956$w09H27_01
=653  \\$aHebenstreit, J.P.$31659$932659$020136957$w09H27_02
=653  \\$aHorn, fam$31338$932942$020136956$w09H27_01
=653  \\$aHuygens, Christiaan$31358$921166$020136956$w09H27_01
=653  \\$aHuygens, Constantijn$31358$95174$020136956$w09H27_01
=653  \\$aIverdon, I. $31590?$933162$020136957$w09H27_02
=653  \\$aJan Pieterszoon$3570$933184$020136957$w09H27_02
=653  \\$aJohnson, E.$31412$933227$020136956$w09H27_01
=653  \\$aKamphuysen, D.R.$31441$933301$020136956$w09H27_01
=653  \\$aLabadie, J.$31482$933842$020136956$w09H27_01
=653  \\$aLand, W.$31516$933878$020136956$w09H27_01
=653  \\$aLeopold I$31649, 1650$922858$020136957$w09H27_02
=653  \\$aLipsius, J. $31570$934141$020136956$w09H27_01
=653  \\$aLopez de Vega, F.$31374, 1375$934210$020136957$w09H27_02
=653  \\$aLuscinius$31617$934286$020136956$w09H27_01
=653  \\$aMacchiavelli$36$934332$020136957$w09H27_02
=653  \\$aMagius, H.$314$934362$020136957$w09H27_02
=653  \\$aMaintenon, Mad. de$3936$934371$020136957$w09H27_02
=653  \\$aMalvezzi, V.$333$934407$020136957$w09H27_02
=653  \\$aMander, C. van $337$934416$020136957$w09H27_02
=653  \\$aManesse ben Israel$335$934426$020136957$w09H27_02
=653  \\$aMarnix van St Aldegonde$366$934475$020136957$w09H27_02
=653  \\$aMeibomius, M. en fam$3116, 117, 118, 830$934617$020136957$w09H27_02
=653  \\$aMencke, B.$3tp, vw par. 3 en 7, vw bij eerste druk$934642$020136956$w09H27_01
=653  \\$aMencke, H.O.$31668, 1669$934644$020136957$w09H27_02
=653  \\$aMencke, O. en fam$3131, 132$934648$020136957$w09H27_02
=653  \\$aMerbeke, J. van $348$934675$020136957$w09H27_02
=653  \\$aMerian, M.$3145, 146$934683$020136957$w09H27_02
=653  \\$aMichelangelo$3425$910268$020136956$w09H27_01
=653  \\$aMoller, F.H.$31110$934809$020136956$w09H27_01
=653  \\$aMontecuculi, R.$3198$934850$020136957$w09H27_02
=653  \\$aMore, T.$3217, 218$934873$020136957$w09H27_02
=653  \\$aMoretus, B.$3208$934885$020136957$w09H27_02
=653  \\$amuziek_algemeen$3675, 750, 777, 834, 872, 888, 998, 1110, 1111, 1147, 1240, 1244, 1295, 1358, 1413?, 1417, 1539$935036$020136956$w09H27_01
=653  \\$amuziek_algemeen$358, 65, 67, 100, 113, 117, 135, 147, 197, 209, 232, 318, 323, 375, 407, 449, 496, 499, 531, 536, 538, 607, 678, 688, 722, 742, 754, 784, 817, 834, 840, 868, 927, 911, 912, 972, 973, 996, 1127, 1170, 1184, 1238, 1311, 1399, 1467, 1549, 1582, 1590, 1649, 1650, 1651, 1680$935036$020136957$w09H27_02
=653  \\$aNavarre, M. de$359, 199$935164$020136957$w09H27_02
=653  \\$aOates, T.$3333, 334$935310$020136957$w09H27_02
=653  \\$aOlearius, fam.$3353-358, 359, 623$935367$020136957$w09H27_02
=653  \\$aOpitz, M.$3368, 369$935443$020136957$w09H27_02
=653  \\$aOrpheus$3377$911156$020136957$w09H27_02
=653  \\$aOrtelius, A.$3380$935630$020136957$w09H27_02
=653  \\$aOsiander, fam. $3383-386$935634$020136957$w09H27_02
=653  \\$aOverbeke, B. van $3395$935673$020136957$w09H27_02
=653  \\$aOzanam, J.$3400, 401, 817$935688$020136957$w09H27_02
=653  \\$aPin, L. E. du$3574, 575$935985$020136957$w09H27_02
=653  \\$aPlantijn, C.$3208, 596, 597, 718$936014$020136957$w09H27_02
=653  \\$aPodius, F.$3607$936042$020136957$w09H27_02
=653  \\$aPoirters, A.$3611$936050$020136957$w09H27_02
=653  \\$aPoliander, J.$3613, 614$936055$020136957$w09H27_02
=653  \\$aPontanus, J.L.$3627$936068$020136957$w09H27_02
=653  \\$apseudoniem$3vw par. 16$936254$020136956$w09H27_01
=653  \\$aQuercu, S. a $3688$936298$020136957$w09H27_02
=653  \\$aQuirsfeld, J.$3691$936315$020136957$w09H27_02
=653  \\$aRaphelengius, F.$3717$938241$020136957$w09H27_02
=653  \\$aRatrus, L.$3722$938253$020136957$w09H27_02
=653  \\$aRhau, G.$3764$938403$020136957$w09H27_02
=653  \\$aRichelet, P.$3776$938425$020136957$w09H27_02
=653  \\$aRivinus, fam$3793, 794$938481$020136957$w09H27_02
=653  \\$aRollenhagen, G.$3817$938517$020136957$w09H27_02
=653  \\$aRosa, S.$3825$938551$020136957$w09H27_02
=653  \\$aRusbuch, J.$3856$938646$020136957$w09H27_02
=653  \\$aSachs, H.$3869$938671$020136957$w09H27_02
=653  \\$aSalinas, F. de$3886, 887$938710$020136957$w09H27_02
=653  \\$aSandriel, J. v. $3909, 910$938739$020136957$w09H27_02
=653  \\$aSavonarola$3924, 971$938777$020136957$w09H27_02
=653  \\$aScaliger, J.C.$3933-935, 1188$938784$020136957$w09H27_02
=653  \\$aSchedel, H.$3945$938807$020136957$w09H27_02
=653  \\$aSchurman, Anna Maria$3815, 883, 996, 997$938998$020136957$w09H27_02
=653  \\$aSiemons, Menno$31072$939107$020136957$w09H27_02
=653  \\$aSpencer, E.$31114$936397$020136957$w09H27_02
=653  \\$aSpener, Ph.$31114, 1115, 1607$936401$020136957$w09H27_02
=653  \\$aSpieghel, H.L.$31119$936414$020136957$w09H27_02
=653  \\$aSquaccialupus. A.$31227$936450$020136957$w09H27_02
=653  \\$aStalpaert vd Wielen$31533$020136957$w09H27_02$936500
=653  \\$aStevin, S.$31152$936586$020136957$w09H27_02
=653  \\$aSwammerdam, J.$31193$936685$020136957$w09H27_02
=653  \\$aSwertius, fam$31194$936696$020136957$w09H27_02
=653  \\$aTeller, R.$31679$936802$020136957$w09H27_02
=653  \\$aTemple, W.$31225$936813$020136957$w09H27_02
=653  \\$aThomas à Kempis$31263, 1650$95899$020136957$w09H27_02
=653  \\$aTil, van $31278$936939$020136957$w09H27_02
=653  \\$aTinctorius$31282$936947$020136957$w09H27_02
=653  \\$aTulp, N.$31325, 1326$937219$020136957$w09H27_02
=653  \\$aUgolino, V.$31399$937277$020136957$w09H27_02
=653  \\$aUitenbogaerd, J.$31581, 1582$937283$020136957$w09H27_02
=653  \\$aVaenius, O. $31337, 1338$937313$020136957$w09H27_02
=653  \\$aValkenier, P. $31341$937327$020136957$w09H27_02
=653  \\$aVarenius$375$937350$020136956$w09H27_01
=653  \\$aVauban, S. de$31366$937358$020136957$w09H27_02
=653  \\$aViguole, J.$31410, 1411$937546$020136957$w09H27_02
=653  \\$aVitruvius$31429$922019$020136957$w09H27_02
=653  \\$aVizé, J. de$31433$937668$020136957$w09H27_02
=653  \\$aVoetius, P. en G$31440, 1441 (er staat eigenlijk 440, 441)$937691$020136957$w09H27_02
=653  \\$aWesterbaan, J. $31520, 1521$937939$020136957$w09H27_02
=653  \\$aWilson, J.$31549$937983$020136957$w09H27_02
=653  \\$aZesen, Ph. v. $31615$938135$020136957$w09H27_02
=700  \\$4win$aLinde, Philander von der$d1674-1732$1http://www.wikidata.org/entity/Q105229$97460
=856  \\$uhttps://www.digitale-sammlungen.de/de/view/bsb10797509$3vol. 1
=856  \\$uhttps://api.digitale-sammlungen.de/iiif/presentation/v2/bsb10797509/manifest$3IIIF manifest vol. 1
=856  \\$uhttps://www.digitale-sammlungen.de/de/view/bsb10601472$3vol. 2
=856  \\$uhttps://api.digitale-sammlungen.de/iiif/presentation/v2/bsb10601472/manifest$3IIIF manifest vol. 2
=942  \\$cBOO
=952  \\$00$10$2ddc$3vol. 1$40$6KTS_1_000000000000000_C1_17_09H27_01$70$8RAR$92549$aORPH$bORPH$cKTS1_C1$d2020-07-08$eKoopman$l0$oKTS1 C1.17 09H27_01$p20136956$r2021-01-12 00:00:00$w2021-01-12$yBOO
=952  \\$00$10$2ddc$3vol. 2$40$6KTS_1_000000000000000_C1_17_09H27_02$70$8RAR$920379$aORPH$bORPH$cKTS1_C1$d2020-07-08$eKoopman$l0$oKTS1 C1.17 09H27_02$p20136957$r2021-07-09 00:00:00$w2021-01-12$yBOO
=999  \\$d2549

