=LDR  01111aam a2200217   4500
=001  2551
=008  221220s1890\\\\||||||||\||||\00|\p\dut\d
=041  \\$adut
=100  \\$aGorter, Herman$d1864-1927$4aut$1http://www.wikidata.org/entity/Q325191$95069
=245  \\$aVerzen
=250  \\$a1st ed.
=260  \\$aAmsterdam$bVersluys$c1890
=300  \\$a[iv]-130 pages$blinen cover with gilded embossed letters, gilded endpapers
=500  \\$aHerman Gorter was a Dutch poet and socialist. He was a leading member of the Tachtigers, a highly influential group of Dutch writers who worked together in Amsterdam in the 1880s, centered on De Nieuwe Gids
=561  \\$aEx libris M. M. Couvée (plate)
=648  \0$a19th Century (1801-1900)$1http://www.wikidata.org/entity/Q6955$920935
=650  \0$aPoetry$1http://www.wikidata.org/entity/Q482$93026
=651  \0$aNetherlands$1http://www.wikidata.org/entity/Q55$9173
=942  \\$cBOO
=952  \\$00$10$2ddc$40$6KTS_1_000000000000000_C2_55_09I01$70$8RAR$92551$aORPH$bORPH$cKTS1_C2$d2020-07-08$eKoopman$l0$oKTS1 C2.55 09I01$p20139938$r2021-01-12 00:00:00$w2021-01-12$yBOO
=999  \\$d2551

