=LDR  03093aam a2200349   4500
=001  2553
=008  221221s1607\\\\|||ga|||\||||\00|\0\lat\d
=041  \\$alat
=059  \\$av
=245  \\$aPastorale ad usum Romanum accomodatum
=260  \\$aAntwerp$bPlantin-Moretus$c1607
=300  \\$bprinted in black and red ink, engraved title page, double-framed layout, music examples, bound in white vellum, bowed covers, illustrations, woodcut initial letters$a[xxiv]-306-[4] pages
=500  \\$aJoannes Hauchin was the second Roman Catholic Archbishop of Mechelen. He initiated the publication of the Pastorale Mechliniense, a collection of forms for the various church celebrations, which appeared in Leuven in 1588. 

=500  \\$aMathias Hovius was the third Roman Catholic Archbishop of Mechelen and presided over implementing the Catholic Reformation in the Spanish Netherlands. Hovius founded a seminary in Mechelen and enlisted the Jesuits to draft a catechism. This Malines Catechism first appeared in 1607. The 1623 version of this catechetical manual would form the basis for religious instruction in all Belgian dioceses until well into the 20th century. 
=500  \\$aSubtitle: "Canons and ecclesiastical rites, which pertain to the administration of the Sacrament and other Pastoral duties daily performed, completed by Ioannis Hauchini. Published by order of the archbishop of Mechelen. Now indeed, by the authority of the Most Reverend and Most Illustrious Mathias Hovius, Archbishop of the same Province, enlarged and revised in many places."
=500  \\$asee also 04I14
=561  \\$aEx libris Bibliotheca Collegii Maximi S.J. Traiectensis (Stamp)
=561  \\$aEx libris Bibliotheek Theol. College S. J. Maastricht (Stamp)
=561  \\$aEx libris Bibl. Semin. S. J. Prov. Neerl. (Plate)
=590  \\$aCanones et ritus ecclesiasticos, qui ad Sacramentum administrationem aliaque Pastoralia officia ritè obeunda pertinent, completens: Ioannis Hauchini fel.rec. Archiepiscopi Mechliniensis iussu olum editum. Nun verò Reverendissimi & Illustrissimi Mathiae Hovii, eiusdem Provinciae Archiepiscopi auctoritate, multis locis auctum & recognitum.
=648  \0$a17th Century (1601-1700)$1http://www.wikidata.org/entity/Q7016$920923
=650  \0$aPrayer$1http://www.wikidata.org/entity/Q40953$921486
=650  \0$aPlainchant$1http://www.wikidata.org/entity/Q2707688$921363
=650  \0$aLiturgy$1http://www.wikidata.org/entity/Q172331$92284
=650  \0$aCatholicism$1http://www.wikidata.org/entity/Q1841$921631
=651  \0$aMechelen (Belgium)$1http://www.wikidata.org/entity/Q162022$921975
=700  \\$4edt$aHovius, Matthias$d1542-1620$1http://www.wikidata.org/entity/Q2506641$96894
=700  \\$4edt$aHauchinius, Joannes$d1527-1589$1http://www.wikidata.org/entity/Q2123666$96893
=856  \\$uhttps://books.google.be/books?id=LFZbAAAAcAAJ$3Google Books
=942  \\$cBOO
=952  \\$00$10$2ddc$40$6KTS_1_000000000000000_C2_55_09I03$70$8RAR$92553$aORPH$bORPH$cKTS1_C2$d2020-07-08$eKoopman$l0$oKTS1 C2.55 09I03$p20139940$r2021-01-12 00:00:00$w2021-01-12$yBOO
=999  \\$d2553

