=LDR  02406aam a2200409   4500
=001  2554
=008  221221s1738\\\\|||ap|||\||||\00|\0\mul\d
=041  \\$alat$ager
=100  \\$aScheid, Johann Friedrich$dc. 1674-c. 1740$1http://www.wikidata.org/entity/Q112422985$4aut$96895
=245  \\$aDissertatio de iure in musicos, singulari.$bDienste und Obrigkeit der Spielleut
=260  \\$aJena$bCroeker$c1738
=300  \\$a72 pages$bwoodcut initial letters, illustrations
=500  \\$aRules for musicians applicable in the county of Rappoltstein (French: Ribeaupierre) a region belonging to the Upper Rhenish District within the Holy Roman Empire. About half of the counties within this district are now in Germany, largely in the states of Rhineland-Palatinate, Saarland and Hesse; the other half are now in France, in the Auvergne-Rhône-Alpes (Savoy) and Grand Est regions. 
=534  \\$aOriginally published in 1719
=561  \\$aEx libris Landschaft Bibliothek D. Mecklenb. Ritter U. (stamp)
=563  \\$aModern marbled cardboard cover with white vellum spine
=585  \\$aDisplayed as part of the 'Game On' exhibition during Erfgoeddag on 27 April 2025
=590  \\$aRappoltsteinensi Comitatui annexo
=648  \0$a18th Century (1701-1800)$1http://www.wikidata.org/entity/Q7015$920899
=650  \0$aMusic history$1http://www.wikidata.org/entity/Q846047$921373
=650  \0$aLaw$1http://www.wikidata.org/entity/Q7748$93727
=650  \0$adirigent$3tp$020139941$931092
=650  \0$aPfeiffer$339, 40, 47, 48, 50, 51$020139941$935906
=650  \0$aGroot, H. de$371$020139941$932424
=650  \0$atrompet$334, 35$020139941$937194
=650  \0$aviool$344$020139941$937605
=650  \0$azink$344$020139941$938157
=650  \0$aslagwerk$331, 34, 35$020139941$939152
=651  \0$aGermany$1http://www.wikidata.org/entity/Q183$9155
=653  \\$aPfeiffergericht$313, 39, 44, 46, 48-54$935909$020139941$w09I04
=653  \\$aPfeifferkönig$344-47, 50, 52, 66-68$935910$020139941$w09I04
=653  \\$aschaken$371$938800$020139941$w09I04
=653  \\$aspeelman$351, 52, 64, 66-68$936392$020139941$w09I04
=856  \\$uhttps://books.google.be/books?id=48_aNcCNS00C$3Google Books
=942  \\$cBOO
=952  \\$00$10$2ddc$40$6KTS_1_000000000000000_C2_55_09I04$70$8RAR$92554$aORPH$bORPH$cKTS1_C2$d2020-07-08$eKoopman$l0$oKTS1 C2.55 09I04$p20139941$r2021-01-12 00:00:00$w2021-01-12$yBOO
=999  \\$d2554

