=LDR  01974aam a2200253   4500
=001  2555
=008  221221s1820\\\\|||f||||\||||\00|\0\ger\d
=041  \\$ager
=100  \\$aHeim, Friedrich Jakob Philipp$d1789-1850$4aut$96896
=245  \\$aDeutsche Tachygraphie $boder Kurze, leichtfaßliche und vollständige Anweisung, mittelst besondere einfacher Charactere
=260  \\$aLeipzig$bHartmann$c1820
=300  \\$avi-23-[3]- 4 pages$bfolded pages, plates, marbled carboard cover
=500  \\$aFriedrich Jakob Philipp Heim was a Protestant pastor and founder of the Paulinenpflege Winnenden, a Protestant institution, which is active in the field of youth and disability welfare. During his studies, Heim developed his own system of shorthand, with the purpose of enabling his brother, who as an officer did not have the opportunity to study, to have a kind of correspondence course by sending him manuscripts of lectures. For this work in the field of shorthand, he was given more recognition by historiography, more precisely with his inclusion in the Allgemeine Deutsche Biografie, than for his later life's work,
=500  \\$aShorthand is an abbreviated symbolic writing method that increases speed and brevity of writing
=500  \\$a23 pages
=590  \\$aso schnell, als ein öffentlicher Redner spricht, und mit solcher Deutlichkeit zu schreiben, dass die Schrift auf immer brauchbar bleibt.
=648  \0$a19th Century (1801-1900)$1http://www.wikidata.org/entity/Q6955$920935
=650  \0$aMethod$1http://www.wikidata.org/entity/Q2250960$921402
=650  \0$aShorthand$1http://www.wikidata.org/entity/Q181066$925501
=651  \0$aGermany$1http://www.wikidata.org/entity/Q183$9155
=856  \\$uhttps://books.google.be/books?id=n6ZAAAAAcAAJ$3Google Books
=942  \\$cBOO
=952  \\$00$10$2ddc$40$6KTS_1_000000000000000_C2_55_09I05$70$8RAR$92555$aORPH$bORPH$cKTS1_C2$d2020-07-08$eKoopman$l0$oKTS1 C2.55 09I05$p20139942$r2021-01-12 00:00:00$w2021-01-12$yBOO
=999  \\$d2555

