=LDR  02068aam a2200301   4500
=001  2556
=008  211118s1787\\\\\\\fgc||\||||\00|\0\ger\d
=041  \\$ager
=059  \\$avn
=100  \\$aMozart, Leopold$d1719-1787$4aut$1http://www.wikidata.org/entity/Q156280$912887
=245  \\$aGründliche Violinschule
=250  \\$a3rd ed.
=260  \\$aAugsburg$bLotter$c1787
=300  \\$bmusic examples, portrait, frontispiece engraving, plates, folded page,  illustrations$a[viii]-268-[8] pages
=500  \\$aSee 15A16 for the 4th ed., 04K10 for the Dutch translation, and 01H04 for a later edition. See INS4.1c for a facsimile of this ed.
=500  \\$aFrontispiece engraving depicting L. Mozart playing the violin, in floral frame, surrounded by scores.
=500  \\$aFront-papers contain manuscript notes in different hands, with biographic information on L. Mozart copied from Lexica, as well as provenance information of this copy. Front-paper contains a pasted newspaper-clipping (from 1852?) telling about the widow of C.M. von Weber (Caroline Brandt 1794-1852) and her efforts to hand-over her late husband's operas to Royals in England, Saxony and Prussia.
=534  \\$aOriginally 'Versuch einer gründlichen Violinschule' (1756)
=561  \\$aEx Libris Daniel Oivvenmeyer 1814 (manuscript) & Robert Siller / Paul Müller 1904 (manuscript)
=590  \\$aMit vier Kupfertafeln und einer Tabelle. Dritte vermehrte Auflage
=648  \0$a18th Century (1701-1800)$1http://www.wikidata.org/entity/Q7015$920899
=650  \0$aMethod$1http://www.wikidata.org/entity/Q2250960$921402
=650  \0$aViolin$1http://www.wikidata.org/entity/Q8355$92783
=651  \0$aAustria$1http://www.wikidata.org/entity/Q40$9202
=856  \\$uhttps://imslp.org/wiki/Versuch_einer_gr%C3%BCndlichen_Violinschule_(Mozart,_Leopold)$3International Music Score Library Project
=942  \\$cBOO
=952  \\$00$10$2ddc$40$6KTS_1_000000000000000_C2_55_09I06$70$8RAR$92556$aORPH$bORPH$cKTS1_C2$d2020-07-08$eKoopman$l0$oKTS1 C2.55 09I06$p20139943$r2021-01-12 00:00:00$w2021-01-12$yBOO
=999  \\$d2556

