=LDR  02111aam a2200229   4500
=001  2559
=008  221221s1874\\\\||||||||\||||\00|\0ddut\d
=041  \\$adut
=100  \\$aJorissen, Theodoor$d1833-1889$4aut$1http://www.wikidata.org/entity/Q1878240$96904
=245  \\$aDe Patriotten te Amsterdam in 1794
=260  \\$aAmsterdam$bFunke$c1874
=300  \\$a[xxiii]-196 pages$bmarbled endpapers, linen cover
=500  \\$aAfter the Dutch provinces rebelled in 1568 against their sovereign, the Spanish king Philip II (the Eighty Years' War 1568-1648), they proclaimed the Republic of the Seven United Netherlands in 1581. Under the supreme rule of a stadholder, the republic acquired great political and economic power in the 17th century (the Golden Age). The French invasion in 1794 brought an end to this loose confederation of states.In 1794, the French under general Pichegru came to occupy the Republic, aided by Daendels' Batavian Legion, which consisted of exiled patriots. The Batavian republic was instituted, with an extensive reform programme and many meetings. The significance of the Patriot movement should not be underestimated. From the Orangist side, the Patriots were depicted as exercising shopkeepers or country traitors, because of their collusion with France. Many of the ideas from the French Revolution, such as the unitary state, separation of church and state, equal rights and criticism of slavery were realised during the Batavian Republic.
=561  \\$aEx libris N. J. Mouthaan (plate)
=648  \0$a19th Century (1801-1900)$1http://www.wikidata.org/entity/Q6955$920935
=648  \0$a18th Century (1701-1800)$1http://www.wikidata.org/entity/Q7015$920899
=650  \0$aHistory$1http://www.wikidata.org/entity/Q309$921403
=651  \0$aAmsterdam (Netherlands)$1http://www.wikidata.org/entity/Q727$9135
=856  \\$uhttps://books.google.be/books?id=xJdDAAAAYAAJ$3Google Books
=942  \\$cBOO
=952  \\$00$10$2ddc$40$6KTS_1_000000000000000_C2_55_09I09$70$8RAR$92559$aORPH$bORPH$cKTS1_C2$d2020-07-08$eKoopman$l0$oKTS1 C2.55 09I09$p20139946$r2021-01-12 00:00:00$w2021-01-12$yBOO
=999  \\$d2559

