=LDR  03036aam a2200361   4500
=001  2566
=008  221223i18551885|||afc||\||||\00|\0\dut\d
=041  \\$adut
=100  \\$aScheltema, Pieter$d1812-1885$4aut$1http://www.wikidata.org/entity/Q21550211$95293
=245  \\$aAemstel's Oudheid, of Gedenkwaardigheden van Amsterdam$nvols. 1-7
=260  \\$aAmsterdam$bScheltema$c1855-85
=300  \\$a7 vols. (vi-222-[2]+x-240+x-260+viii-246-[2]+248+vii-262-[2]+vi-176 pages$b2+2+1+1+1(folded)+1+1 illustrated plates inserted
=500  \\$aCollection of primary sources on Amsterdam
=500  \\$aPieter Scheltema (1812-1885) was a Dutch antiquarian (historian). He studied literature in Utrecht. Later, he became municipal and provincial archivist in Amsterdam.
=500  \\$aVol. 1 published in 1855, vol. 2 in 1856, vol. 3 in 1859, vol. 4 in 1861, vol. 5 in 1863, vol. 6 in 1872 and vol. 7 in 1885
=561  \\$aEx libris N. J. Mouthaan (plate)
=648  \0$a19th Century (1801-1900)$1http://www.wikidata.org/entity/Q6955$920935
=650  \0$aHistory$1http://www.wikidata.org/entity/Q309$921403
=650  \0$aCuckoo$1http://www.wikidata.org/entity/Q18845$922474
=650  \0$aPolitics$1http://www.wikidata.org/entity/Q7163$921826
=650  \0$aEconomy$1http://www.wikidata.org/entity/Q159810$921625
=650  \0$aReligion$1http://www.wikidata.org/entity/Q9174$93062
=651  \0$aAmsterdam (Netherlands)$1http://www.wikidata.org/entity/Q727$9135
=856  \\$uhttps://www.dbnl.org/tekst/sche078aems00_01/$3Digital Library for Dutch Literature (DBNL)
=942  \\$cBOO
=952  \\$00$10$2ddc$3Eerste deel$40$6KTS_1_000000000000000_C2_55_09I16_01$70$8RAR$92566$aORPH$bORPH$cKTS1_C2$d2020-07-08$eKoopman$l0$oKTS1 C2.55 09I16_01$p20139951$r2021-01-12 00:00:00$w2021-01-12$yBOO
=952  \\$00$10$2ddc$3Tweede deel$40$6KTS_1_000000000000000_C2_55_09I16_02$70$8RAR$922322$aORPH$bORPH$cKTS1_C2$d2020-07-08$eKoopman$l0$oKTS1 C2.55 09I16_02$p20139952$r2022-12-23 00:00:00$w2021-01-12$yBOO
=952  \\$00$10$2ddc$3Derde deel$40$6KTS_1_000000000000000_C2_55_09I16_03$70$8RAR$922323$aORPH$bORPH$cKTS1_C2$d2020-07-08$eKoopman$l0$oKTS1 C2.55 09I16_03$p20139953$r2022-12-23 00:00:00$w2021-01-12$yBOO
=952  \\$00$10$2ddc$3Vierde deel$40$6KTS_1_000000000000000_C2_55_09I16_04$70$8RAR$922324$aORPH$bORPH$cKTS1_C2$d2020-07-08$eKoopman$l0$oKTS1 C2.55 09I16_04$p20139954$r2022-12-23 00:00:00$w2021-01-12$yBOO
=952  \\$00$10$2ddc$3Vijfde deel$40$6KTS_1_000000000000000_C2_55_09I16_05$70$8RAR$922325$aORPH$bORPH$cKTS1_C2$d2020-07-08$eKoopman$l0$oKTS1 C2.55 09I16_05$p20139955$r2022-12-23 00:00:00$w2021-01-12$yBOO
=952  \\$00$10$2ddc$3Zesde deel$40$6KTS_1_000000000000000_C2_55_09I16_06$70$8RAR$922326$aORPH$bORPH$cKTS1_C2$d2020-07-08$eKoopman$l0$oKTS1 C2.55 09I16_06$p20139956$r2022-12-23 00:00:00$w2021-01-12$yBOO
=952  \\$00$10$2ddc$3Zevende deel$40$6KTS_1_000000000000000_C2_55_09I16_07$70$8RAR$922327$aORPH$bORPH$cKTS1_C2$d2020-07-08$eKoopman$l0$oKTS1 C2.55 09I16_07$p20139957$r2022-12-23 00:00:00$w2021-01-12$yBOO
=999  \\$d2566

