=LDR  02610acm a2200301   4500
=001  2567
=008  221122s1603\\\\|||||k||\||||\00|\0\lat\d
=041  \\$alat
=059  \\$av
=245  \\$aPrima Pars Passionarii
=260  \\$aToledo$bGamarra$c1603
=300  \\$a[iv]-98 pages$bleather bound gold embossed cover, title page and musical notation in red and black ink, title page engraving, manuscript annotations, decorated initials
=500  \\$aComplete version originally published in 1516 as "Passionarium Toletanum"
=500  \\$arare, beautiful work from the Mozarabic tradition of plainchant
=500  \\$asubtitle: "In which are held the things which are to be solemnly sung during the week, that is to say, the four sufferings, the nine lamentations, and the prayer of the prophet Jeremiah. The blessing of Caerius, according to the custom of the brethren of the order of preachers, now newly corrected, and accompanied by a certain brother of the same order of the convent of Saint Paul of Hispania"
=500  \\$acontains only the 4 sufferings (Marc, Mathew, Luke and John) and the Benedictus.
=500  \\$aIntroduction in Spanish and Latin to this 1603 edition contains contributions by Alonso Romero, teacher in sacred theology and principal prior of the Convento Santa Cruz La Real (Granada), Nuñez de Leon and Fra Antonius de Tapia
=500  \\$aManuscript annotations throughout, mainly referring to names of cantors (Friars Nicola and Domingo Valenzuela, G. Tubeno, P. Ramirez, Eusevio Olaxaos, Joachim Julinet, Francesco Giulega, Joseph Barexo, Domingo Gorzano, Nicolas Valensuela...)  and to their active years (1714-18, 1726-28, 1754-57, 1762-1768...)
=590  \\$aIn quo habentur illa quae hebdomada soleniter cantanda sunt, videlicet passiones quatuor, lamentationes novem, oratio hierimiae prophetae. Benedictio Caerei, secundum usum fratrum ordinis praedicatorum, nunc noviter correcta, & copilata per quedam fratrem eiusdem ordinis conventus sancti pauli hispalensis. Cum Licentia Hispali. In insigni Coenobio Diui Pauli.
=648  \0$a17th Century (1601-1700)$1http://www.wikidata.org/entity/Q7016$920923
=650  \0$aPlainchant$1http://www.wikidata.org/entity/Q2707688$921363
=651  \0$aSpain$1http://www.wikidata.org/entity/Q29$920983
=700  \\$4win$aTapia, A. de$96911
=700  \\$4win$aRomero, Alonso$925340
=700  \\$4win$aLeon, Nuñez de$925341
=942  \\$cBOO
=952  \\$00$10$2ddc$40$6KTS_1_000000000000000_C2_55_09I17$70$8RAR$92567$aORPH$bORPH$cKTS1_C2$d2020-07-08$eKoopman$l0$oKTS1 C2.55 09I17$p20139761$r2021-01-12 00:00:00$w2021-01-12$ySCO
=999  \\$d2567

