=LDR  01725    a2200325   4500
=001  2568
=008  221223s1818\\\\|||||l||\||||\00|\0\ger\d
=041  \\$ager
=059  \\$aSATB
=245  \\$aGeistliche Oden und Lieder
=250  \\$a2nd ed.
=260  \\$aBern$bWalthardschen Buchhandlung$c1818
=300  \\$aviii-212-[2] pages
=500  \\$aChristian Fürchtegott Gellert (1715-1769) was a German writer, poet and moral philosopher of the Enlightenment period, best known for his fables.
=500  \\$aNicolaus Käsermann (1755-1806) was a German composer, organist and cantor.
=500  \\$aManuscript index added in back matter
=590  \\$amit ganz neuen Melodien zu drey bis vier Singstimmen, nebst einer Clavierpartie mit dem Violinschlüssel und beygefügtem Generalbasse
=648  \0$a19th Century (1801-1900)$1http://www.wikidata.org/entity/Q6955$920935
=650  \0$aSong$1http://www.wikidata.org/entity/Q7366$94164
=650  \0$aOde$1http://www.wikidata.org/entity/Q178985$922208
=650  \0$aProtestantism$1http://www.wikidata.org/entity/Q23540$921012
=651  \0$aBern (Switzerland)$1http://www.wikidata.org/entity/Q70$921795
=653  \0$aad lib. bezetting$3tp$020139958$w09I18$928471
=653  \0$abc in 19e eeuw$3vorrede$020139958$w09I18$929265
=653  \0$ameer benutten zelfde partituur$3wb$020139958$w09I18$934589
=700  \\$4aut$aGellert, Christian Fürchtegott$d1715-1769$1http://www.wikidata.org/entity/Q60584$95276
=700  \\$4cmp$aKäsermann, Nicolaus$d1755-1806$95275
=942  \\$cSCO
=952  \\$00$10$2ddc$40$6KTS_1_000000000000000_C2_55_09I18$70$8RAR$92568$aORPH$bORPH$cKTS1_C2$d2020-07-08$eKoopman$l0$oKTS1 C2.55 09I18$p20139958$r2021-01-12 00:00:00$w2021-01-12$ySCO
=999  \\$d2568

