=LDR  03290aam a2200637   4500
=001  2569
=008  220112s1822\\\\\\\ag|||\||||\00|\0\ger\d
=041  \\$ager
=100  \\$aMüller, Wilhelm Adolph$d1793-1859$4aut$1http://www.wikidata.org/entity/Q20006754$95440
=245  \\$aDas Wichtigste über die Einrichtung und Beschaffenheit der Orgel und über das zweckmäßige Spiel derselben
=260  \\$aMeissen$bGödsche$c1822
=300  \\$aviii-76-[4] pages
=500  \\$aWilhelm Adolf Müller (1793-1859) was the city cantor in Borna, Leipzig.
=648  \0$a19th Century (1801-1900)$1http://www.wikidata.org/entity/Q6955$920935
=650  \0$aMethod$1http://www.wikidata.org/entity/Q2250960$921402
=650  \0$aOrgan$1http://www.wikidata.org/entity/Q1444$92810
=650  \0$aOrganology$1http://www.wikidata.org/entity/Q899293$921400
=651  \0$aGermany$1http://www.wikidata.org/entity/Q183$9155
=653  \0$aa =$348$020139959$w09I19$928388
=653  \0$aad lib. bezetting$378$020139959$w09I19$928471
=653  \0$aAlbrechtsberger$357$020139959$w09I19$928569
=653  \0$aartikulatie$31, 54, 61$020139959$w09I19$928817
=653  \0$aBach, J.S._na dood$357$020139959$w09I19$928973
=653  \0$abasso continuo$365-70, 79$020139959$w09I19$929163
=653  \0$aboekprijs$360, 77, 78-80$020139959$w09I19$929701
=653  \0$abc en gemeentezang$365-70, 79$020139959$w09I19$929255
=653  \0$acalcant$331$020139959$w09I19$930124
=653  \0$acatalogus$377, 78-80$020139959$w09I19$930298
=653  \0$aorgel in eredienst$355, 56, 57-59, 59-70, 71-73, 77, 78$020139959$w09I19$935479
=653  \0$aorgel in middeleeuwen$34$020139959$w09I19$935482
=653  \0$aorgelregistratie$324, 71-72$020139959$w09I19$935575
=653  \0$aorgelregistratie en gemeentezang$361, 71, 72$020139959$w09I19$935578
=653  \0$aoude muziek vroeger$357$020139959$w09I19$935658
=653  \0$atemperatuur$333, 34, 35$020139959$w09I19$936807
=653  \0$atempo van gemeentezang$360$020139959$w09I19$936824
=653  \0$atoucher$325, 31, 41$020139959$w09I19$937044
=653  \0$aTürk$365$020139959$w09I19$937226
=653  \0$atussenspel en gemeentezang$362, 63, 64$020139959$w09I19$937242
=653  \0$avibrato$347$020139959$w09I19$937531
=653  \0$aimprovisatie$356-58, 72$020139959$w09I19$933059
=653  \0$aWeber, C.M. von$3iii$020139959$w09I19$937882
=653  \0$awinddruk$38, 9, 10$020139959$w09I19$937993
=653  \0$aKittel$357$020139959$w09I19$933431
=653  \0$aKnecht$357$020139959$w09I19$933639
=653  \0$alegato$31$020139959$w09I19$933986
=653  \0$aSchicht$3iii, 46, 47, 60$020139959$w09I19$938846
=653  \0$aMarpurg$334$020139959$w09I19$934481
=653  \\$aHering$365?$932728$020139959$w09I19
=653  \\$aHoffmeister$3v, vi, 64$932832$020139959$w09I19
=653  \\$aMüller, W.A.$3wb, 64$934951$020139959$w09I19
=653  \\$aOrgelregistrant$324, 61$935574$020139959$w09I19
=653  \\$aSchneider$365, 72$938908$020139959$w09I19
=856  \\$uhttps://books.google.be/books?id=6kpDAAAAcAAJ$3Google Books
=942  \\$cBOO
=952  \\$00$10$2ddc$40$6KTS_1_000000000000000_C2_55_09I19$70$8RAR$92569$aORPH$bORPH$cKTS1_C2$d2020-07-08$eKoopman$l0$oKTS1 C2.55 09I19$p20139959$r2021-01-12 00:00:00$w2021-01-12$yBOO
=999  \\$d2569

