=LDR  01762aam a2200277   4500
=001  2572
=008  230110m19091910||||||||\||||\00|\1\dut\d
=041  \\$adut
=100  \\$aAlberdingk Thijm, Joseph Albert$d1820-1889$4aut$1http://www.wikidata.org/entity/Q1978794$95795
=245  \\$aWerken.$bVerzameld en gerangschikt met inleiding en overzichten$nvols. 10-11
=260  \\$aAmsterdam$bVan Langenhuysen$aThe Hague$bNijhoff$c1909-10
=300  \\$a2 vols. ([x]-318+xii-316-[1] pages) 
=500  \\$aContains 'Verspreide verhalen', parts 1 and 2
=500  \\$aAlberdingk Thijm (1820-1889) was a Catholic critic, poet and philologist from Amsterdam. He was the first president of the Flemish Davidsfonds.
=561  \\$aEx libris H. van Riel (manuscript)
=563  \\$aCloth cover & spine, embossed in gold with the author's personal motto ‘Nil nisi per Christum’. 
=648  \0$a19th Century (1801-1900)$1http://www.wikidata.org/entity/Q6955$920935
=650  \0$aNovel$1http://www.wikidata.org/entity/Q8261$921629
=650  \0$aCatholicism$1http://www.wikidata.org/entity/Q1841$921631
=651  \0$aNetherlands$1http://www.wikidata.org/entity/Q55$9173
=700  \\$4edt$4win$aSterck, Johannes Franciscus Maria$d1859-1941$96914
=856  \\$uhttps://www.dbnl.org/titels/titel.php?id=albe003jfms02$3Digital Library for Dutch Literature (DBNL)
=942  \\$cBOO
=952  \\$00$10$2ddc$3vol. 10$40$6KTS_1_000000000000000_C2_55_09I22$70$8RAR$92572$aORPH$bORPH$cKTS1_C2$d2020-07-08$eKoopman$l0$oKTS1 C2.55 09I22$p20139967$r2021-01-12 00:00:00$w2021-01-12$yBOO
=952  \\$00$10$2ddc$3vol. 11$40$6KTS_1_000000000000000_C2_55_09I23$70$8RAR$922334$aORPH$bORPH$cKTS1_C2$d2020-07-08$eKoopman$l0$oKTS1 C2.55 09I23$p20139968$r2023-01-10 00:00:00$w2021-01-12$yBOO
=999  \\$d2572

