=LDR  00983aam a2200217   4500
=001  2573
=008  230110s1897\\\\|||\||||\||||\00|\p\dut\d
=041  \\$adut
=100  \\$aGorter, Herman$d1864-1927$4aut$1http://www.wikidata.org/entity/Q325191$95069
=245  \\$aDe School der Poëzie
=250  \\$a1st ed.
=260  \\$aAmsterdam$bVersluys$c1897
=300  \\$a[viii-220 pages
=500  \\$aHerman Gorter (1864-1927) was a leading member of the Tachtigers
=648  \0$a19th Century (1801-1900)$1http://www.wikidata.org/entity/Q6955$920935
=650  \0$aPoetry$1http://www.wikidata.org/entity/Q482$93026
=651  \0$aNetherlands$1http://www.wikidata.org/entity/Q55$9173
=856  \\$uhttps://www.dbnl.org/tekst/gort004scho01_01/$3Digital Library for Dutch Literature (DBNL)
=942  \\$cBOO
=952  \\$00$10$2ddc$40$6KTS_1_000000000000000_C2_56_09I24$70$8RAR$92573$aORPH$bORPH$cKTS1_C2$d2020-07-08$eKoopman$l0$oKTS1 C2.56 09I24$p20139966$r2021-01-12 00:00:00$w2021-01-12$yBOO
=999  \\$d2573

