=LDR  02482    a2200505   4500
=001  2574
=008  230110s1693\\\\||||||||\||||\00|\0\lat\d
=041  \\$alat
=100  \\$aBertouch, Georg von$d1668-1743$4aut$1http://www.wikidata.org/entity/Q323535$96915
=245  \\$aDisputatio juridica de eo quod justum est, circa ludos scenicos operasque modernas, dictas vulgò "Operen"
=260  \\$aKiel$bReumann$c1693
=300  \\$a57-[1] pages
=500  \\$aCritique of opera
=648  \0$a17th Century (1601-1700)$1http://www.wikidata.org/entity/Q7016$920923
=650  \0$aMusic criticism$1http://www.wikidata.org/entity/Q11748889$921598
=650  \0$aOpera$1http://www.wikidata.org/entity/Q1344$92468
=651  \0$aKiel (Germany)$1http://www.wikidata.org/entity/Q1707$925020
=653  \0$acastraten$350$020139969$w09I25$930282
=653  \0$amuziek_algemeen$319, 25$020139969$w09I25$935036
=653  \0$acomponeren$358$020139969$w09I25$930621
=653  \0$acomponist$358$020139969$w09I25$930630
=653  \0$aopera$3wb, 17-end$020139969$w09I25$935411
=653  \0$aopera en Bijbel$317-end$020139969$w09I25$935416
=653  \0$aoratorium $312$020139969$w09I25$935451
=653  \0$adirigent$358$020139969$w09I25$931092
=653  \0$aemoties$358$020139969$w09I25$931445
=653  \0$apubliek$37, 17, 18-20$020139969$w09I25$936257
=653  \0$atravestie$350$020139969$w09I25$937087
=653  \0$aviool$358$020139969$w09I25$937605
=653  \0$avocale - instrumentale muziek$358$020139969$w09I25$937678
=653  \0$aVossius, G.J.$325$020139969$w09I25$937784
=653  \0$azangkunst$318, 19$020139969$w09I25$938104
=653  \0$aSerlio, S.$39$020139969$w09I25$939063
=653  \0$amise-en-scène$39$020139969$w09I25$939272
=653  \\$achromatiek$358$930465$020139969$w09I25
=653  \\$aElmenhorst$35, 8, 22, 25, 28, 41, 45$931427$020139969$w09I25
=653  \\$aMylius$325, 26$935117$020139969$w09I25
=653  \\$aopera_pro en contra$317-20, 21-28, 44, 45-50, 50-57$935433$020139969$w09I25
=653  \\$apandora$358$935734$020139969$w09I25
=653  \\$aspeelman$348$936392$020139969$w09I25
=653  \\$aWarsenius, A.$317-20$937869$020139969$w09I25
=856  4\$uhttps://haab-digital.klassik-stiftung.de/viewer/object/1391182707/1/
=942  \\$cBOO
=952  \\$00$10$2ddc$40$6KTS_1_000000000000000_C2_56_09I25$70$8RAR$92574$aORPH$bORPH$cKTS1_C2$d2020-07-08$eKoopman$l0$oKTS1 C2.56 09I25$p20139969$r2021-01-12 00:00:00$w2021-01-12$yBOO
=999  \\$d2574

