=LDR  01760aam a2200217   4500
=001  2576
=005  20250923161049.0
=008  230110s1747\\\\||||||||\||||\00|\0\mul\d
=041  \\$ager$afre$alat
=245  \\$aCabala magica tripartita
=260  \\$as.l.$bs.n.$c1747
=300  \\$a38 pages$b4 folded sheets
=500  \\$aManuscript notes in ink on front matter
=590  \\$aDas ist: Drey sehr merckwürdige und alle bis dahero in Druck herausgekommene Caballen übertreffende Caballistische Tabellen : Nebst Deren Beschreibung und Gebrauch : Wornach Eine jede Person vor sich selbsten, oder von andern Personen und Begebenheiten, entweder auf Deutsch, Lateinisch oder Frankösisch, eine Frage thun kan, und auch in ermeldten dreyen Sprachen aus einem eintzigen Schlüssel eine wunderbare sehr nachdenckliche Antwort erhalten wird / C'est à dire: Trois Tables Cabalistiques , Très - remarquables & qui surpassent de beaucoup toutes les Caballes, imprimées jusqu'à présent avec leur explication et usage, par le moyen des quels chacun faisant des Questions touchant ses propres affaires ou celles des autres, tant en Allemand qu'en Latin & François pourra dechiffrer par une seule Clef dans toutes les trois Langues une Reponse positice & convenable au Sujet dont il s'agit
=648  \0$a18th Century (1701-1800)$1http://www.wikidata.org/entity/Q7015$920899
=650  \0$aKabbalah$1http://www.wikidata.org/entity/Q123006$924944
=650  \0$aEsotericism$1http://www.wikidata.org/entity/Q131505$925902
=942  \\$cBOO
=952  \\$00$10$2ddc$40$6KTS_1_000000000000000_C2_55_09I27$70$8RAR$92576$aORPH$bORPH$cKTS1_C2$d2020-07-08$eKoopman$l0$oKTS1 C2.55 09I27$p20139971$r2021-01-12 00:00:00$w2021-01-12$yBOO
=999  \\$d2576
=533  \\$aDigitized by iGuana, Spring 2025.

