=LDR  00945aam a2200205   4500
=001  2577
=005  20250923161049.0
=008  230117s1777\\\\||||||||\||||\00|\d\ger\d
=041  \\$ager
=245  \\$aDas dreyfach beglückte Ursperg.$bEin Singspiel, so bey dreyfacher Feyerlichkeit als das hohe Namens- und Benedictions-Fest
=260  \\$aAugsburg$bStadlberger$c1777
=300  \\$a[7] pages
=648  \0$a18th Century (1701-1800)$1http://www.wikidata.org/entity/Q7015$920899
=650  \0$aLibretto$1http://www.wikidata.org/entity/Q131084$94031
=650  \0$aSingspiel$1http://www.wikidata.org/entity/Q377258$921709
=651  \0$aAugsburg (Germany)$1http://www.wikidata.org/entity/Q2749$921699
=942  \\$cBOO
=952  \\$00$10$2ddc$40$6KTS_1_000000000000000_C2_56_09I28$70$8RAR$92577$aORPH$bORPH$cKTS1_C2$d2020-07-08$eKoopman$l0$oKTS1 C2.56 09I28$p20139972$r2021-01-12 00:00:00$w2021-01-12$yBOO
=999  \\$d2577
=533  \\$aDigitized by iGuana, Spring 2025.

