=LDR  02395aam a2200301   4500
=001  2579
=008  220531s1705\\\\|||g||||\d|||\00|\0dfre\d
=041  \\$afre
=100  \\$aBrossard, Sébastien de$d1655-1730$4aut$1http://www.wikidata.org/entity/Q1026865$99920
=245  \\$aDictionaire de musique
=246  \1$aDictionnaire de musique
=250  \\$a2nd ed.
=260  \\$aParis$bBallard$c1705
=300  \\$axii-380 pages$bgilt edges,  leather cover elaborately embossed in gold, marbled endpapers, fold out page, music examples
=500  \\$aGuillo 2021 n° 1703-NN, RISM B-VI p. 180
=500  \\$aSébastien de Brossard (1655-1730) was a Jesuit composer and collector of music
=500  \\$aBeautiful binding, made for the library of the Castle of Choisy-le-Roi (France)
=500  \\$aBuilt by Mlle de Montpensier, the Château de Choisy belonged to the Grand Dauphin, son of Louis XIV, who exchanged it for the Château de Meudon. It was finally bought by Louis XV in 1739 and became one of the royal rare book reserves.
In 1742, the king ordered the creation of a library at the Château de Choisy. This library remained dependent on the Royal Library in Paris. The books intended for it were often taken from the duplicates of the Parisian institution. They are bound in red morocco, with the royal coat of arms, and bear the inscription CHOISY LE ROY on the upper cover.
The library was suppressed in October 1787 and the books were transported to Paris, where they are now scattered in the collections. Some volumes (sold as duplicates?) are in private collections.


=534  \\$aOriginally published in 1703; see 16H10 for the first edition
=561  \\$aEx libris Choisy-Le Roy (embossed stamp)
=590  \\$aContenant une explication des termes grecs, latins, italiens et françois, les plus utilisés dans la musique... Seconde edition conforme à celle In-Folio, faite 1703
=648  \0$a18th Century (1701-1800)$1http://www.wikidata.org/entity/Q7015$920899
=650  \0$aDictionary$1http://www.wikidata.org/entity/Q23622$921580
=650  \0$aMusic theory$1http://www.wikidata.org/entity/Q193544$92662
=651  \0$aFrance$1http://www.wikidata.org/entity/Q142$9131
=942  \\$cBOO
=952  \\$00$10$2ddc$40$6KTS_1_000000000000000_C2_56_09I30$70$8RAR$92579$aORPH$bORPH$cKTS1_C2$d2020-07-08$eKoopman$oKTS1 C2.56 09I30$p20139977$r2021-01-12 00:00:00$w2021-01-12$yBOO
=999  \\$d2579

