=LDR  04445    a2200853   4500
=001  2580
=008  230110s1762\\\\|||cag||\||||\00|\0\ger\d
=041  \\$ager
=100  \\$aGottsched, Johann Christoph$d1700-1766$4aut$1http://www.wikidata.org/entity/Q76442$910582
=245  \\$aVollständigere und neuerläuterte Deutsche Sprachkunst
=250  \\$a5th ed.
=260  \\$aLeipzig$bBreitkopf$c1762
=300  \\$a[xxix]-734-[26] pages$bfrontispiece engraving
=500  \\$aBeautiful frontispiece portrait of the author seated in his library, engraved by Johann Martin Bernigeroth (1713-1767) after Johann Friedrich Reiffenstein (1719-1793)
=504  \\$aContains an index
=534  \\$aOriginally published in 1757
=561  \\$aEx libris Albert Patrowzky (manuscript)
=563  \\$aleather spine embossed with gold, and marbled edges, cover, and end papers
=648  \0$a18th Century (1701-1800)$1http://www.wikidata.org/entity/Q7015$920899
=650  \0$aLinguistics$1http://www.wikidata.org/entity/Q8162$93902
=650  \0$aGerman$1http://www.wikidata.org/entity/Q188$923675
=651  \0$aGermany$1http://www.wikidata.org/entity/Q183$9155
=653  \0$aadagio$3200$020139975$w09I31$928477
=653  \0$aallegro$3200$020139975$w09I31$928606
=653  \0$aandante$3200$020139975$w09I31$928683
=653  \0$aarpeggio$3201$020139975$w09I31$928797
=653  \0$abibliotheek$3titelprent$020139975$w09I31$929548
=653  \0$ablokfluit$3200$020139975$w09I31$929645
=653  \0$abourrée$3201$020139975$w09I31$929844
=653  \0$aBreitkopf$3a2$020139975$w09I31$929924
=653  \0$aBrockes$3265$020139975$w09I31$929949
=653  \0$acantate$3200$020139975$w09I31$930188
=653  \0$acantoraat$3210$020139975$w09I31$930211
=653  \0$acello$3201$020139975$w09I31$930344
=653  \0$acomponeren$3671$020139975$w09I31$930621
=653  \0$aOpitz$3wb$020139975$w09I31$935440
=653  \0$aorgel$3207$020139975$w09I31$935465
=653  \0$acourante$3201$020139975$w09I31$930805
=653  \0$adansen$3201$020139975$w09I31$930928
=653  \0$aoud-nieuw$3671, 672$020139975$w09I31$935651
=653  \0$adirigent$3322$020139975$w09I31$931092
=653  \0$adwarsfluit$3200$020139975$w09I31$931340
=653  \0$apresto$3201$020139975$w09I31$936154
=653  \0$astaccato$3201$020139975$w09I31$936473
=653  \0$agavotte$3201$020139975$w09I31$932051
=653  \0$atempo$3200, 201$020139975$w09I31$936814
=653  \0$aGottsched, J.C.$3titelprent, 714-734$020139975$w09I31$932290
=653  \0$aHeinsius, D.$3344$020139975$w09I31$932679
=653  \0$aviola d'amore$3201$020139975$w09I31$937580
=653  \0$aviolon$3201$020139975$w09I31$937598
=653  \0$aItaliaanse invloed in Duitsland$3194, 199$020139975$w09I31$933141
=653  \0$avrijheid in recitatief$3603$020139975$w09I31$937808
=653  \0$aWagenseil$3575$020139975$w09I31$937831
=653  \0$aWalther, J.G.$3102 ?$020139975$w09I31$937860
=653  \0$aZiegler, M. von $3672?$020139975$w09I31$938144
=653  \0$aklavecimbel_Duitsland 18e eeuw$3207$020139975$w09I31$933479
=653  \0$arecitatief$3201, 210$020139975$w09I31$938285
=653  \0$alargo$3200$020139975$w09I31$933911
=653  \0$asarabande$3201$020139975$w09I31$938753
=653  \0$amenuet$3201$020139975$w09I31$934673
=653  \\$aBurette$3672$930032$020139975$w09I31
=653  \\$achalumeau$3199, 200$930388$020139975$w09I31
=653  \\$acompositiedwang$365$930637$020139975$w09I31
=653  \\$aGeßner$3288, 561$932152$020139975$w09I31
=653  \\$aKrause, J.G.$3107$933749$020139975$w09I31
=653  \\$amuziek [Gottsched en muziek?]$365, 194, 199, 200, 201, 207, 208, 210, 603, 634, 659, 670, 671, 672$934993$020139975$w09I31
=653  \\$amuziek en versvoeten$3566-589, 601-604, 671$935006$020139975$w09I31
=653  \\$aPicander$3667??$97355$020139975$w09I31
=653  \\$aVossius, I.$3563, 583, 585, 586, 603, 608, 611, 612, 659, 671$937785$020139975$w09I31
=765  \\$aNach den Mustern der besten Schriftsteller des vorigen und itzigen Jahrhunderts abgefasset, und bey dieser fünften Auflage merklich verbessert
=856  \\$uhttps://archive.org/details/vollstndigereun00gottgoog/page/n8$3Internet Archive
=942  \\$cBOO
=952  \\$00$10$2ddc$40$6KTS_1_000000000000000_C2_56_09I31$70$8RAR$92580$aORPH$bORPH$cKTS1_C2$d2020-07-08$eKoopman$l0$oKTS1 C2.56 09I31$p20139975$r2021-01-12 00:00:00$w2021-01-12$yBOO
=999  \\$d2580

