=LDR  01206aam a2200217   4500
=001  2581
=008  230112s1746\\\\||||||||\||||\00|\f\fre\d
=041  \\$afre
=100  \\$aGoudar, Ange$d1708-1791$4aut$96464
=245  \\$aL'Aventurier françois$n1-2/2
=260  \\$aAmsterdam$bRoger$c1746
=300  \\$a2 vols. (160+142 pages)$btitle page in red & black ink, cardboard cover
=500  \\$aEarly work by Goudar, who left Paris in 1739 to travel to Italy where he visited gambling rooms and opera houses
=648  \0$a18th Century (1701-1800)$1http://www.wikidata.org/entity/Q7015$920899
=650  \0$aHistory$1http://www.wikidata.org/entity/Q309$921403
=650  \0$aNovel$1http://www.wikidata.org/entity/Q8261$921629
=856  \\$uhttps://books.google.be/books?id=PEsGAAAAQAAJ$3Google Books
=942  \\$cBOO
=952  \\$00$10$2ddc$3vol. 1$40$6KTS_1_000000000000000_C2_56_09I32A$70$8RAR$92581$aORPH$bORPH$cKTS1_C2$d2020-07-08$eKoopman$l0$oKTS1 C2.56 09I32a$p20139978$r2021-01-12 00:00:00$w2021-01-12$yBOO
=952  \\$00$10$2ddc$3vol. 2$40$6KTS_1_000000000000000_C2_56_09I32B$70$8RAR$922335$aORPH$bORPH$cKTS1_C2$d2020-07-08$eKoopman$l0$oKTS1 C2.56 09I32b$p20139979$r2023-01-10 00:00:00$w2021-01-12$yBOO
=999  \\$d2581

