=LDR  01938aam a2200313   4500
=001  2582
=005  20251003085455.0
=008  211119s1903\\\\\\\|||||\||||\00|\0bdut\d
=041  \\$adut
=100  \\$aScheurleer, Daniel François$d1855-1927$4aut$1http://www.wikidata.org/entity/Q3976286$95584
=245  \\$aMozartiana: portretten en herinneringen aan zijn verblijf in Nederland
=260  \\$aThe Hague$bNederlandsche Mozart Vereeniging$cs.d.
=300  \\$a18 pages$bcardboard binding, engraved frontcover
=500  \\$aIntroduction signed D.F.S.
=500  \\$aDaniel François Scheurleer published in 1883 'Mozart's stay in the Netherlands and musical life in the last half of the 18th century'. In 1902 he became president of the the newly formed 'Dutch Mozart Association', who organized an exhibition on the theme , opening 24 january 1903 in Utrecht,  of which this little booklet is the accompanying catalogue
=600  \0$aMozart, Wolfgang Amadeus$d1756-1791$1http://www.wikidata.org/entity/Q254$95341
=610  \0$aMozart family$1http://www.wikidata.org/entity/Q18574758$922340
=648  \0$a18th Century (1701-1800)$1http://www.wikidata.org/entity/Q7015$920899
=650  \0$aComposer$1http://www.wikidata.org/entity/Q36834$93625
=650  \0$aCatalogue$1http://www.wikidata.org/entity/Q2352616$921484
=650  \0$aExhibition$1http://www.wikidata.org/entity/Q464980$925353
=650  \0$aPortrait$1http://www.wikidata.org/entity/Q134307$92622
=650  \0$aFine art$1http://www.wikidata.org/entity/Q219625$921579
=650  \0$aBiography$1http://www.wikidata.org/entity/Q36279$91927
=651  \0$aNetherlands$1http://www.wikidata.org/entity/Q55$9173
=651  \0$aAustria$1http://www.wikidata.org/entity/Q40$9202
=942  \\$cBOO
=952  \\$00$10$2ddc$40$6KTS_1_000000000000000_C2_56_09I33$70$8RAR$92582$aORPH$bORPH$cKTS1_C2$d2020-07-08$eKoopman$oKTS1 C2.56 09I33$p20139996$r2021-01-12 00:00:00$w2021-01-12$yBOO
=999  \\$d2582

