=LDR  13582aab a2202581   4500
=001  2585
=008  230112i17631769|||w||n|\||||\00|\0\ger\d
=041  \\$ager
=245  \\$aAltonaischer Gelehrter Mercurius $nvols. 1-7
=260  \\$aAltona$bBurmester$c1763-69
=300  \\$a7 vols.  ([ii]-viii-463+[ii]-viii-438+[ii]-viii-342-[8]+[ii]-viii-414+[ii]-viii-430+[ii]-viii-422+[ii]-viii-422 pages)$bengraved title page, uncut pages
=500  \\$aAltona is the westernmost urban borough of the German city state of Hamburg, on the right bank of the Elbe river. From 1640 to 1864, Altona was under the administration of the Danish monarchy. It became part of the Kingdom of Prussia in 1867. In 1938, the Greater Hamburg Act removed Altona from the Free State of Prussia and merged it with the Free and Hanseatic City of Hamburg. 
=500  \\$aAll volumes have uncut pages
=520  \\$aThis newspaper, which for 24 volumes appeared on a weekly basis, was renamed 'Neuer gelehrter Mercurius' in 1773, 'Neuester Altonaischer gelehrter Mercurius' in 1787. It is one of the most important learned and critical journals of the eighteenth century. In addition to reviews of newly published 'learned writings', it also offers 'notes' and news from the republic of letters. 
=561  \\$aEx libris Bibliotheca Krassow (stamp)
=563  \\$aVols. 1-6 are paper-bound, vol. 7 has a modern marbled cardboard binding with leather spine
=648  \0$a18th Century (1701-1800)$1http://www.wikidata.org/entity/Q7015$920899
=650  \0$aHistory$1http://www.wikidata.org/entity/Q309$921403
=650  \0$aJournalism$1http://www.wikidata.org/entity/Q11030$921960
=650  \0$aMusic criticism$1http://www.wikidata.org/entity/Q11748889$921598
=650  \0$aScience$1http://www.wikidata.org/entity/Q7991$921650
=650  \0$aAbendmusiken$316$020140000$928427
=650  \0$aakoestiek$3355$020140002$928552
=650  \0$aAlgarotti$3240$020140000$928593
=650  \0$aAlgarotti$323$020140002$928593
=650  \0$aBach, C.P.E.$3127, 128$020140004$928902
=650  \0$abibliotheek$3278, 327$020139999$929548
=650  \0$abibliotheek$346, 47, 183, 184, 216$020140000$929548
=650  \0$abibliotheek$3128, 216, 344, 345, 346, 409$020140001$929548
=650  \0$abibliotheek$356, 137, 144$020140002$929548
=650  \0$abibliotheek$340, 386-388, 391, 392$020140003$929548
=650  \0$abibliotheek$327, 408$020140004$929548
=650  \0$abibliotheek$364, 224, 280$020139751$929548
=650  \0$abier$3270$020139751$929560
=650  \0$ablaasinstrumenten_ziektes$3183$020140001$929598
=650  \0$aBlainville$3366$020140003$929602
=650  \0$aboekoplage$341$020140003$929699
=650  \0$aBatteux$3126$020139999$929220
=650  \0$aBatteux$3228$020140000$929220
=650  \0$aBoerhave$3213$020139999$929710
=650  \0$aBoerhave$3382$020140000$929710
=650  \0$aBoileau$372, 327$020140003$929729
=650  \0$abeiaard / klokken$3406$020140000$929378
=650  \0$aBorde, de la$3368$020140000$929781
=650  \0$aBos, Abbé du$3351$020139999$929803
=650  \0$aBossuet$3238$020140000$929819
=650  \0$aBossuet, J.B.$322$020140001$929821
=650  \0$aBrockes$3320$020139999$929949
=650  \0$aBrosses, de$380$020140004$929964
=650  \0$aBurmann, P.$3120$020140001$930052
=650  \0$acalcant (orgelcalcant)$3280$020140003$930125
=650  \0$amuziek_algemeen$316, 63, 215, 216, 255, 277, 296, 333, 334$020140000$935036
=650  \0$amuziek_algemeen$31, 23, 183, 231, 311, 353, 368$020140001$935036
=650  \0$amuziek_algemeen$339, 40, 144, 214, 231, 280, 293, 366, 383$020140003$935036
=650  \0$amuziek_algemeen$338, 47, 127, 128$020140004$935036
=650  \0$amuziek_algemeen$38$020139751$935036
=650  \0$aChristina van Zweden$324, 29$020140004$930460
=650  \0$aChristine van Zweden$3110$020139999$930461
=650  \0$aNederlandse geleerden$3122$020140001$935179
=650  \0$aNewton$3100, 397$020139999$935219
=650  \0$aNewton$399, 100, 101, 109, 166, 222, 223$020140000$935219
=650  \0$aNewton$321, 230, 262$020140003$935219
=650  \0$aCorneille, P.$3285, 286$020140000$930743
=650  \0$aCorneille, P.$3285$020140001$930743
=650  \0$aCorneille, P.$319$020140004$930743
=650  \0$aorgelbouw$3296$020140000$935542
=650  \0$adansen$3431$020140001$930928
=650  \0$adansen$38$020139751$930928
=650  \0$aoud-nieuw$317, 18$020139999$935651
=650  \0$aDestouches$3333$020140004$931036
=650  \0$aDiderot & D'Alembert_Encyclopedie$3165, 166$020140001$931064
=650  \0$aDijk, van$3187$020140003$931080
=650  \0$adoedelzak$3375$020140002$931125
=650  \0$aPascal, B.$377$020140000$935779
=650  \0$aPepys$3366, 367$020140002$935850
=650  \0$apest$3417, 418$020140000$935876
=650  \0$apest$349, 50$020140001$935876
=650  \0$adwarsfluit$3320, 375$020140002$931340
=650  \0$apokken$3220-222$020140004$936051
=650  \0$aelectriciteit$395, 263$020140003$931418
=650  \0$aelektriciteit$3262, 263, 286 (o.a.)$020139751$931419
=650  \0$aemoties$3351$020139999$931445
=650  \0$aemoties$319, 59$020140004$931445
=650  \0$aemoties$323$020139751$931445
=650  \0$aencyclopédie de Diderot/d'Alembert$3200$020139751$931451
=650  \0$aErnesti, J.A.$3206$020140000$931514
=650  \0$aErnesti, J.A.$334, 35, 36, 63$020140001$931514
=650  \0$aErnesti, J.A.$37, 8, 136, 261, 287, 288$020139751$931514
=650  \0$aEuler$3124, 125, 356, 357, 377, 378, 384$020139751$931547
=650  \0$aEuler, L.$3154, 155, 238$020140000$931549
=650  \0$aEuler, L.$3178-180, 269, 312$020140001$931549
=650  \0$aEuler, L.$3184, 355$020140002$931549
=650  \0$aEuler, L.$3235, 236$020140003$931549
=650  \0$aRacine$392$020139999$936325
=650  \0$aRacine$3285$020140001$936325
=650  \0$aFontaine, la$369, 221$020139999$931812
=650  \0$aFontaine, la$3325$020140000$931812
=650  \0$aFontaine, la$3285$020140001$931812
=650  \0$aFontenelle$3333$020140004$931815
=650  \0$aSulzer$3355$020140002$936672
=650  \0$aSulzer$3236$020140003$936672
=650  \0$aSulzer$3356$020139751$936672
=650  \0$aSwieten, G, von$338, 382$020140000$936699
=650  \0$aSwieten, G. von $3415$020140004$936700
=650  \0$aSwieten, van$378$020139751$936701
=650  \0$atabak$3372$020139999$936718
=650  \0$atabak$3431$020140001$936718
=650  \0$atabak$3310$020140003$936718
=650  \0$atabak$3330$020140004$936718
=650  \0$atekst$3215$020140000$936775
=650  \0$atekst$3268$020140001$936775
=650  \0$aTelemann, G.P.$3231, 353?.$020140001$936796
=650  \0$aTelemann, G.P.$3127, 128$020140004$936796
=650  \0$aGerber, M.$3315, 316$020140002$932130
=650  \0$aGesner, J.M.$3150, 183, 184, 278, 373$020140000$932149
=650  \0$aGesner, J.M.$395, 106, 107$020140001$932149
=650  \0$agezangboek$3352, 384$020139999$932173
=650  \0$agezangboek$330, 31, 136, 292$020140003$932173
=650  \0$agezangboeken$3334$020139751$932174
=650  \0$agilde$3299-301$020140001$932189
=650  \0$aTiton du Tillet$3333$020140004$936956
=650  \0$aGottsched$3190, 194, 264$020139999$932285
=650  \0$aGottsched$347, 383$020140000$932285
=650  \0$aGottsched$316, 104$020140003$932285
=650  \0$agoût$327-30$020140003$932303
=650  \0$aGroot, H. de$351$020139999$932424
=650  \0$aGroot, H. de$3272$020140003$932424
=650  \0$aHalle, J.S.$3280$020140002$932518
=650  \0$aHändel, G.F.$323$020140001$932536
=650  \0$atrompet$3183$020140001$937194
=650  \0$aUffenbach, J.F. von$3184, 224$020139751$937271
=650  \0$aVasari$322, 23, 236$020139999$937355
=650  \0$ahoorn$3375$020140002$932928
=650  \0$ainventaris$395$020140001$933115
=650  \0$aItaliaanse invloed in Europa$3122, 218, 219, 220$020140001$933145
=650  \0$avuurwerk$3232, 310, 311247$020140001$937821
=650  \0$ajezuieten$3247$020140001$933214
=650  \0$aWenen_sterfgevallen in 1764$3168$020140001$937926
=650  \0$aWieland$333, 39$020139999$937954
=650  \0$aWieland$385, 95, 215$020140001$937954
=650  \0$awijn$342, 43-45, 375, 376$020140002$937961
=650  \0$awijn$366-69, 187, 188, 380, 381$020140003$937961
=650  \0$awijn$331$020140004$937961
=650  \0$awijn$388, 230, 269$020139751$937961
=650  \0$awijn en blaasinstrumenten$3375$020140002$937962
=650  \0$aWinkelmann$3433$020140001$937999
=650  \0$aWinkelmann$3214$020140002$937999
=650  \0$aWinkelmann$3397$020140003$937999
=650  \0$aWinkelmann$371, 72, 408$020140004$937999
=650  \0$aWinkelmann$3223, 334$020139751$937999
=650  \0$aWinkelmann, J.J.$3129-132, 137-139, 145-146, 153-154, 159, 160, 237$020140000$938000
=650  \0$akinderziektes$3378-380, 407$020140003$933408
=650  \0$azelfmoord$37$020140004$938125
=650  \0$aRameau, J.P.$323$020140001$938224
=650  \0$aKlopstock$328, 130, 327$020139999$933637
=650  \0$aKlopstock$388, 224, 431$020140000$933637
=650  \0$aKlopstock$3326$020139751$933637
=650  \0$akoffie$3104, 310$020140003$933661
=650  \0$akoffie$3222$020140004$933661
=650  \0$akoffie$3184$020139751$933661
=650  \0$aRousseau, J.J.$350, 78, 100, 101, 102, 103, 229, 233, 336, 382, 439$020139999$938595
=650  \0$aRousseau, J.J.$337, 55, 56, 102, 119, 149, 237$020140000$938595
=650  \0$aRousseau, J.J.$359, 77, 158, 272, 354$020140001$938595
=650  \0$aRousseau, J.J.$351, 52, 54, 199, 397$020140002$938595
=650  \0$aRousseau, J.J.$3256$020140003$938595
=650  \0$aRousseau, J.J.$37$020140004$938595
=650  \0$aRousseau, J.J.$3144, 182, 183$020139751$938595
=650  \0$aRubens$3186, 187$020140003$938616
=650  \0$asalaris$3272$020140000$938697
=650  \0$asalaris$3218$020140001$938697
=650  \0$asalaris$3264, 280$020140002$938697
=650  \0$asalaris$3392$020140003$938697
=650  \0$asalaris$3256$020140004$938697
=650  \0$asalaris$3190$020139751$938697
=650  \0$aLeibnitz$3383$020139999$933995
=650  \0$aLeibnitz$3404, 405$020140000$933995
=650  \0$aLeibnitz$348, 285$020140001$933995
=650  \0$aLeibnitz$3151$020140002$933995
=650  \0$aLeibnitz$355, 149, 150, 193-195, 208, 413$020140004$933995
=650  \0$aLeibnitz$3390$020139751$933995
=650  \0$aLessing$3334$020139751$934071
=650  \0$aLessing, G.E.$3416$020140004$934072
=650  \0$alichaamsbeweging$397, 98$020139751$934092
=650  \0$aliedboeken$3287$020140002$934100
=650  \0$aLinnaeus$391, 92, 290, 314$020139999$934135
=650  \0$aLinnaeus$368, 226, 284, 428$020140000$934135
=650  \0$aLinnaeus$3344$020140002$934135
=650  \0$aLinnaeus$3338$020139751$934135
=650  \0$aLocke$3306$020140000$934170
=650  \0$aScheibe, J.A.$3333$020140000$938814
=650  \0$aScheibe, J.A.$3224$020140001$938814
=650  \0$aLuther$3107$020139999$934294
=650  \0$aShakespeare$385$020140001$939086
=650  \0$aMaffei$3122$020140001$934357
=650  \0$aslavenhandel$3358$020140000$939158
=650  \0$aMarmontel$3204, 205, 401$020139999$934474
=650  \0$aMarmontel$3203$020139751$934474
=650  \0$aMattheson, J.$3111$020139751$934535
=650  \0$aMontesquieu$369, 77, 188$020140000$934851
=650  \0$aMontesquieu$3218$020140001$934851
=650  \0$aMontesquieu$3225$020140003$934851
=650  \0$aMontesquieu$37, 31, 32, 333, 334$020140004$934851
=650  \0$aMontesquieu$3171, 191$020139751$934851
=651  \0$aAltona (Hamburg, Germany)$1http://www.wikidata.org/entity/Q1630$939728
=856  \\$uhttp://purl.uni-rostock.de/rosdok/ppn883013002$3vol. 1
=856  \\$u http://purl.uni-rostock.de/rosdok/ppn883013282$3vol. 4
=856  \\$uhttp://purl.uni-rostock.de/rosdok/ppn883013355$3vol. 5
=856  \\$uhttp://purl.uni-rostock.de/rosdok/ppn883013444$3vol. 6
=856  \\$uhttp://purl.uni-rostock.de/rosdok/ppn883013495$3vol. 7
=942  \\$cPER
=952  \\$00$10$2ddc$3vol. 1 $40$6KTS_1_000000000000000_C2_56_09I36_01$70$8RAR$92585$aORPH$bORPH$cKTS1_C2$d2020-07-08$eKoopman$l0$oKTS1 C2.56 09I36_01$p20139999$r2021-01-12 00:00:00$w2021-01-12$yPER
=952  \\$00$10$2ddc$3vol. 2$40$6KTS_1_000000000000000_C2_56_09I36_02$70$8RAR$922347$aORPH$bORPH$cKTS1_C2$d2020-07-08$eKoopman$l0$oKTS1 C2.56 09I36_02$p20140000$r2023-01-12 00:00:00$w2021-01-12$yPER
=952  \\$00$10$2ddc$3vol. 3$40$6KTS_1_000000000000000_C2_56_09I36_03$70$8RAR$922348$aORPH$bORPH$cKTS1_C2$d2020-07-08$eKoopman$l0$oKTS1 C2.56 09I36_03$p20140001$r2023-01-12 00:00:00$w2021-01-12$yPER
=952  \\$00$10$2ddc$3vol. 4$40$6KTS_1_000000000000000_C2_56_09I36_04$70$8RAR$922349$aORPH$bORPH$cKTS1_C2$d2020-07-08$eKoopman$l0$oKTS1 C2.56 09I36_04$p20140002$r2023-01-12 00:00:00$w2021-01-12$yPER
=952  \\$00$10$2ddc$3vol. 5$40$6KTS_1_000000000000000_C2_56_09I36_05$70$8RAR$922350$aORPH$bORPH$cKTS1_C2$d2020-07-08$eKoopman$l0$oKTS1 C2.56 09I36_05$p20140003$r2023-01-12 00:00:00$w2021-01-12$yPER
=952  \\$00$10$2ddc$3vol. 6$40$6KTS_1_000000000000000_C2_56_09I36_06$70$8RAR$922351$aORPH$bORPH$cKTS1_C2$d2020-07-08$eKoopman$l0$oKTS1 C2.56 09I36_06$p20140004$r2023-01-12 00:00:00$w2021-01-12$yPER
=952  \\$00$10$2ddc$3vol. 7$40$6KTS_1_000000000000000_C2_47_10C35$70$8RAR$922353$aORPH$bORPH$cKTS1_C2$d2020-07-08$eKoopman$l0$oKTS1 C2.47 10C35$p20139751$r2023-01-12 00:00:00$w2021-01-12$yPER
=999  \\$d2585

