=LDR  02151    a2200325   4500
=001  2587
=008  210712s1665\\\\\\\|||||\||||\00|\0ddut\d
=041  \\$adut$hgrc
=100  \\$aHerodotus$d483 BC-424 BC$4aut$1http://www.wikidata.org/entity/Q26825$96922
=245  \\$aNegen boeken der Historien, gezegt de Musen.$bVervattende onder ander, de Lydische, Grieksche, Persiaensche, Egiptische, en Medische Historien
=260  \\$aAmsterdam$bs.n.$c1665
=300  \\$a[xl]-689-[23] pages
=520  \\$aWritten in 430 BC in the Ionic dialect of classical Greek, 'The Histories' serves as a record of the ancient traditions, politics, geography, and clashes of various cultures that were known in Greece, Western Asia and Northern Africa at that time. The Histories was at some point divided into the nine books that appear in modern editions, conventionally named after the nine Muses.
=563  \\$aBound in white vellum
=590  \\$aBeneffens een Beschrijving van Homeers leven
=600  \0$aHomeros$d9th Century BC-8th Century BC$1http://www.wikidata.org/entity/Q6691$94802
=648  \0$aClassical Antiquity (8th Century BC-6th Century AD)$1http://www.wikidata.org/entity/Q486761$921435
=648  \0$a17th Century (1601-1700)$1http://www.wikidata.org/entity/Q7016$920923
=650  \0$aHistory$1http://www.wikidata.org/entity/Q309$921403
=650  \0$aGeography$1http://www.wikidata.org/entity/Q1071$921798
=650  \0$aPolitics$1http://www.wikidata.org/entity/Q7163$921826
=650  \0$aWriter$1http://www.wikidata.org/entity/Q36180$93885
=650  \0$aBiography$1http://www.wikidata.org/entity/Q36279$91927
=651  \0$aGreece$1http://www.wikidata.org/entity/Q41$921778
=700  \\$4trl$aDapper, Olfert$d1636-1689$1http://www.wikidata.org/entity/Q2804625$96923
=700  \\$4dte$aWitsen, Nicolaes $d1641-1717$1http://www.wikidata.org/entity/Q510776$921918
=856  \\$uhttps://books.google.be/books?id=Q0BAAAAAcAAJ$3Google Books
=942  \\$cBOO
=952  \\$00$10$2ddc$40$6KTS_1_000000000000000_C1_17_09J02$70$8RAR$92587$aORPH$bORPH$cKTS1_C1$d2020-07-08$eKoopman$oKTS1 C1.17 09J02$p20136960$r2021-01-12 00:00:00$w2021-01-12$yBOO
=999  \\$d2587

