=LDR  03595aam a2200433   4500
=001  2590
=005  20251103093534.0
=008  210712s1793\\\\\\\|||||\||||\00|\0\mul\d
=041  \\$alat$agre
=100  \\$aEutropius$dafter 310-after 387$4aut$1http://www.wikidata.org/entity/Q314694$96926
=245  \\$aBreviarium historiæ romanæ$bcum metaphrasi græca pæanii
=260  \\$aLeiden$bLuchtmans$c1793
=300  \\$aliv-[lxxviii]-772-[88] pages
=500  \\$aEutropius, a Roman historian, was active in the 4th century.His Summary of Roman History (Latin: Breviarium Historiae Romanae) is a ten-chapter compendium of Roman history from its foundation to the short reign of Jovian. The independent value of his Summary is small, but it sometimes fills a gap left by the more authoritative records. It is particularly useful to historians for its account of the First Punic War, as no copy of Livy's original books for that period have survived.
=500  \\$aContains also 'Metafrasi Graeca' by Pænius (Paian translation of the Roman history of Europe) e.a.
=500  \\$aAccording to Ton Koopman this copy could be a "prijsband van een stad" (prize book of a city). A prize book is a book that was given in the 16th-19th century to pupils who performed well at school. This phenomenon, which emerged in the 16th century, spread to Latin schools in the Netherlands in the 17th century. It disappeared in the Netherlands in the middle of the 19th century, but in other countries, such as England, prize books were still awarded deep into the 20th century to secondary school pupils who had achieved remarkably good grades. Such a book is called 'band' because it has a special bookmark of leather or parchment with a supralibros, a stamp in gold leaf of the town or school that financed the book, which makes it easily distinguishable from other books. This copy shows the Coat of Arms of the Dutch city Utrecht.
=501  \\$aindex
=504  \\$ahttps://biography.yourdictionary.com/eutropius
http://onlinebooks.library.upenn.edu/webbin/book/lookupid?key=ha008418743
=561  \\$aEx libris P. A. Tichelaar (plate and manuscript). Paul August Tichelaar, 1861-1913,  was a Dutch jurist and a professor at Leiden University.
=563  \\$abound in white vellum, gilt supralibros
=648  \0$aClassical Antiquity (8th Century BC-6th Century AD)$1http://www.wikidata.org/entity/Q486761$921435
=648  \0$a18th Century (1701-1800)$1http://www.wikidata.org/entity/Q7015$920899
=650  \0$aHistory$1http://www.wikidata.org/entity/Q309$921403
=651  \0$aRome (Italy)$1http://www.wikidata.org/entity/Q220$949
=700  \\$4aut$aPæanius$96927
=700  \\$4aut$aVinet, Elie$96928
=700  \\$4aut$aGlareanus, Henricus$d1488-1563$1http://www.wikidata.org/entity/Q124070$96929
=700  \\$4aut$aLefebvre, Tannegui$96930
=700  \\$4aut$aDacier, Anne$d1654-1720$1http://www.wikidata.org/entity/Q272609$96931
=700  \\$4aut$aCellarius, Christoph$96932
=700  \\$4aut$aSylburg, Friedrich$d1536-1596$1http://www.wikidata.org/entity/Q5503916$96936
=700  \\$4aut$aHeumann, Christoph August$96934
=700  \\$4aut$aHaverkamp, Siwart$d1684-1742$1http://www.wikidata.org/entity/Q3483509$96935
=700  \\$4edt$aVerheijk, Hendrik$96937
=700  \\$4aut$aHearne, Thomas$d1678-1735$96933
=856  4\$uhttps://hdl.handle.net/2027/nnc1.cu01965891
=942  \\$cBOO
=952  \\$00$10$2ddc$40$6KTS_1_000000000000000_C1_18_09J05$70$8RAR$92590$aORPH$bORPH$cKTS1_C1$d2020-07-08$eKoopman$i09J05$l0$oKTS1 C1.18 09J05$p20136964$r2021-01-12 00:00:00$w2021-01-12$yBOO
=999  \\$d2590

