=LDR  01662aam a2200289   4500
=001  2595
=008  210713s1774\\\\\\\g||||\||||\00|\0\ger\d
=041  \\$ager
=100  \\$aKirnberger, Johann Philipp$d1721-1783$4aut$1http://www.wikidata.org/entity/Q505543$95305
=245  \\$aDie Kunst des reinen Satzes in der Musik
=250  \\$a1st ed.
=260  \\$aBerlin$bDecker$aKaliningrad$bHartung$c1774
=300  \\$a4 vols. ([vi]-250-vi-5+154+234+[i]-188 pages)$bfolded sheets
=500  \\$aThe Zweyter Theil is divided into three books
=501  \\$aBound in with 'Die wahren Grundsätze zum Gebrauch der Harmonie' (1773)
=561  \\$aEx libris Rupell Martineau (ms.)
=590  \\$aaus sicheren Grundsächen hergeleitet und mit deutlichen Beyspielen erläutert von Joh. Phil. Kirnbrger, Ihrer Königl. Hoheit der Prinzeßin Amalia von Preußen Hof-Musicus
=648  \0$a18th Century (1701-1800)$1http://www.wikidata.org/entity/Q7015$920899
=650  \0$aComposing$1http://www.wikidata.org/entity/Q92186587$93076
=650  \0$aHarmony$1http://www.wikidata.org/entity/Q184421$92358
=650  \0$aMusic theory$1http://www.wikidata.org/entity/Q193544$92662
=651  \0$aGermany$1http://www.wikidata.org/entity/Q183$9155
=773  \\$02595$tDie Kunst des reinen Satzes in der Musik$w2595
=856  \\$uhttps://imslp.org/wiki/Die_Kunst_des_reinen_Satzes_in_der_Musik_(Kirnberger%2C_Johann_Philipp)$3International Music Score Library Project
=942  \\$cBOO
=952  \\$00$10$2ddc$40$6KTS_1_000000000000000_C1_18_09J10A$70$8RAR$92595$aORPH$bORPH$cKTS1_C1$d2020-07-08$eKoopman$g1250.00$l0$oKTS1 C1.18 09J10a$p20136978$r2021-01-12 00:00:00$w2021-01-12$yBOO
=999  \\$d2595

