=LDR  01665aam a2200301   4500
=001  2596
=005  20250926134853.0
=008  210518s1773\\\\\\\g||||\||||\00|\0\ger\d
=041  \\$ager
=100  \\$aKirnberger, Johann Philipp$d1721-1783$4aut$1http://www.wikidata.org/entity/Q505543$95305
=245  \\$aDie wahren Grundsätze zum Gebrauch der Harmonie
=250  \\$a1st ed.
=260  \\$aBerlin$aKaliningrad$bDecker & Hartung$c1773
=300  \\$a115 pages$c4°
=500  \\$aContains first editions of two pieces by J. S. Bach and the first edition of any complete piece from the first part of the Well-Tempered Clavier. 
=500  \\$aThe Zweyter Theil is divided into three books
=501  \\$aBound in with 'Die Kunst des reinen Satzes in der Musik' (1773)
=600  \0$aBach, Johann Sebastian$d1685-1750$1http://www.wikidata.org/entity/Q1339$94766
=648  \0$a18th Century (1701-1800)$1http://www.wikidata.org/entity/Q7015$920899
=650  \0$aMethod$1http://www.wikidata.org/entity/Q2250960$921402
=650  \0$aHarmony$1http://www.wikidata.org/entity/Q184421$92358
=650  \0$aMusic theory$1http://www.wikidata.org/entity/Q193544$92662
=651  \0$aGermany$1http://www.wikidata.org/entity/Q183$9155
=773  \\$02595$tDie Kunst des reinen Satzes in der Musik$w2595
=856  \\$uhttps://imslp.org/wiki/Die_wahren_Grunds%C3%A4tze_zum_Gebrauch_der_Harmonie_(Kirnberger%2C_Johann_Philipp)$3International Music Score Library Project
=942  \\$cBOO
=952  \\$00$10$2ddc$40$6KTS_1_000000000000000_C1_18_09J10B$70$8RAR$92596$aORPH$bORPH$cKTS1_C1$d2020-07-08$eKoopman$l0$oKTS1 C1.18 09J10b$p20136978b$r2021-01-12 00:00:00$w2021-01-12$yBOO
=999  \\$d2596

