=LDR  01281    a2200265   4500
=001  2598
=008  210713s1742\\\\\\\|||||\||||\00|\0\dut\d
=041  \\$adut
=100  \\$aCoornhout, Huich Janszoon$4aut$96943
=245  \\$aGrondig berigt van 's lands ongeval in den jare 1672
=260  \\$aRotterdam$bLosel$c1742
=300  \\$a172-[2] pages
=336  \\$abook
=336  \\$aprinted
=501  \\$aNasporing van Hollands heil en rampen
=590  \\$aDat het niet is geweest verraet nog schuld der staetsche regeerders
=648  \0$a18th Century (1701-1800)$1http://www.wikidata.org/entity/Q7015$920899
=650  \0$aHistory$1http://www.wikidata.org/entity/Q309$921403
=651  \0$aNetherlands$1http://www.wikidata.org/entity/Q55$9173
=773  \\$02599$tNasporing van Hollands heil en rampen$w2599
=856  \\$uhttps://books.google.be/books?id=HIVjAAAAcAAJ$3Google Books
=942  \\$cBOO
=952  \\$00$10$2ddc$40$6KTS_1_000000000000000_C1_18_09J12B$70$8RAR$92598$aORPH$bORPH$cKTS1_C1$d2020-07-08$eKoopman$i09J12b$l0$oKTS1 C1.18 09J12b$r2021-01-12 00:00:00$w2021-01-12$yBOO
=952  \\$00$10$2ddc$40$6KTS_1_000000000000000_C1_18_09J12B$70$8RAR$923907$aORPH$bORPH$cKTS1_C1$d2020-07-08$eKoopman$i09J12b$l0$oKTS1 C1.18 09J12b$r2021-01-12 00:00:00$w2021-01-12$yBOO
=999  \\$c2598$d2598

