=LDR  03450    a2200397   4500
=001  2603
=008  210713s1691\\\\\\\|||||\||||\00|\0\mul\d
=041  \\$alat$ager
=100  \\$aWildvogel, Christian$d1644-1728$4aut$96946
=100  \\$aHeberlin, Johann Georg$cHeberlinus$4aut$96947
=245  \\$aDe eo quod justum est circa Festum Paschatis, vom Rechte des Oster-Fests
=260  \\$aJena$bMuller$c1691
=300  \\$a56 pages
=336  \\$abook
=336  \\$aprinted
=501  \\$aDe eo quod justum est circa novum annum. Vom Rechte des neuen Jahres
De eo quod justum est circa Tempus Quadragesimale, Vom Rechte der Fasten-Zeit 
De eo quod justum est circa Festum Pentecostes . Vom Rechte des Heil. Pfingst-Festes
=648  \0$a17th Century (1601-1700)$1http://www.wikidata.org/entity/Q7016$920923
=650  \0$aReligion$1http://www.wikidata.org/entity/Q9174$93062
=650  \0$aLaw$1http://www.wikidata.org/entity/Q7748$93727
=651  \0$aGermany$1http://www.wikidata.org/entity/Q183$9155
=653  \0$amuziek_algemeen$322$0None$w09J17c$935036
=773  \\$02602$tDe eo quod justum est circa novum annum. Vom Rechte des neuen Jahres$w2602
=942  \\$cBOO
=952  \\$00$10$2ddc$40$6KTS_1_000000000000000_C1_19_09J17C$70$8RAR$92603$aORPH$bORPH$cKTS1_C1$d2020-07-08$eKoopman$i09J17c$l0$oKTS1 C1.19 09J17c$r2021-01-12 00:00:00$w2021-01-12$yBOO
=952  \\$00$10$2ddc$40$6KTS_1_000000000000000_C1_19_09J17C$70$8RAR$924226$aORPH$bORPH$cKTS1_C1$d2020-07-08$eKoopman$i09J17c$l0$oKTS1 C1.19 09J17c$r2021-01-12 00:00:00$w2021-01-12$yBOO
=952  \\$00$10$2ddc$40$6KTS_1_000000000000000_C1_19_09J17C$70$8RAR$924523$aORPH$bORPH$cKTS1_C1$d2020-07-08$eKoopman$i09J17c$l0$oKTS1 C1.19 09J17c$r2021-01-12 00:00:00$w2021-01-12$yBOO
=952  \\$00$10$2ddc$40$6KTS_1_000000000000000_C1_19_09J17C$70$8RAR$924524$aORPH$bORPH$cKTS1_C1$d2020-07-08$eKoopman$i09J17c$l0$oKTS1 C1.19 09J17c$r2021-01-12 00:00:00$w2021-01-12$yBOO
=952  \\$00$10$2ddc$40$6KTS_1_000000000000000_C1_19_09J17C$70$8RAR$924921$aORPH$bORPH$cKTS1_C1$d2020-07-08$eKoopman$i09J17c$l0$oKTS1 C1.19 09J17c$r2021-01-12 00:00:00$w2021-01-12$yBOO
=952  \\$00$10$2ddc$40$6KTS_1_000000000000000_C1_19_09J17C$70$8RAR$924922$aORPH$bORPH$cKTS1_C1$d2020-07-08$eKoopman$i09J17c$l0$oKTS1 C1.19 09J17c$r2021-01-12 00:00:00$w2021-01-12$yBOO
=952  \\$00$10$2ddc$40$6KTS_1_000000000000000_C1_19_09J17C$70$8RAR$926098$aORPH$bORPH$cKTS1_C1$d2020-07-08$eKoopman$i09J17c$l0$oKTS1 C1.19 09J17c$r2021-01-12 00:00:00$w2021-01-12$yBOO
=952  \\$00$10$2ddc$40$6KTS_1_000000000000000_C1_19_09J17C$70$8RAR$926099$aORPH$bORPH$cKTS1_C1$d2020-07-08$eKoopman$i09J17c$l0$oKTS1 C1.19 09J17c$r2021-01-12 00:00:00$w2021-01-12$yBOO
=952  \\$00$10$2ddc$40$6KTS_1_000000000000000_C1_19_09J17C$70$8RAR$926100$aORPH$bORPH$cKTS1_C1$d2020-07-08$eKoopman$i09J17c$l0$oKTS1 C1.19 09J17c$r2021-01-12 00:00:00$w2021-01-12$yBOO
=952  \\$00$10$2ddc$40$6KTS_1_000000000000000_C1_19_09J17C$70$8RAR$926101$aORPH$bORPH$cKTS1_C1$d2020-07-08$eKoopman$i09J17c$l0$oKTS1 C1.19 09J17c$r2021-01-12 00:00:00$w2021-01-12$yBOO
=952  \\$00$10$2ddc$40$6KTS_1_000000000000000_C1_19_09J17C$70$8RAR$926102$aORPH$bORPH$cKTS1_C1$d2020-07-08$eKoopman$i09J17c$l0$oKTS1 C1.19 09J17c$r2021-01-12 00:00:00$w2021-01-12$yBOO
=952  \\$00$10$2ddc$40$6KTS_1_000000000000000_C1_19_09J17C$70$8RAR$926103$aORPH$bORPH$cKTS1_C1$d2020-07-08$eKoopman$i09J17c$l0$oKTS1 C1.19 09J17c$r2021-01-12 00:00:00$w2021-01-12$yBOO
=999  \\$c2603$d2603

