=LDR  05742    a2200541   4500
=001  2604
=008  210713s1691\\\\\\\|||||\||||\00|\0\mul\d
=041  \\$alat$ager
=100  \\$aHeberlin, Johann Georg$cHeberlinus$4aut$96947
=245  \\$aDe eo quod justum est circa Tempus Quadragesimale, Vom Rechte der Fasten-Zeit
=260  \\$aJena$bMuller$c1691
=300  \\$a60 pages
=336  \\$abook
=336  \\$aprinted
=501  \\$aDe eo quod justum est circa novum annum. Vom Rechte des neuen Jahres
De eo quod justum est circa Festum Paschatis. Vom Rechte des Oster-Fests 
De eo quod justum est circa Festum Pentecostes . Vom Rechte des Heil. Pfingst-Festes
=648  \0$a17th Century (1601-1700)$1http://www.wikidata.org/entity/Q7016$920923
=650  \0$aReligion$1http://www.wikidata.org/entity/Q9174$93062
=650  \0$aLaw$1http://www.wikidata.org/entity/Q7748$93727
=651  \0$aGermany$1http://www.wikidata.org/entity/Q183$9155
=653  \0$adansen$344, 45$0None$w09J17b$930928
=773  \\$02602$tDe eo quod justum est circa novum annum. Vom Rechte des neuen Jahres$w2602
=856  \\$uhttps://books.google.be/books?id=if5aAAAAcAAJ$3Google Books
=942  \\$cBOO
=952  \\$00$10$2ddc$40$6KTS_1_000000000000000_C1_19_09J17B$70$8RAR$92604$aORPH$bORPH$cKTS1_C1$d2020-07-08$eKoopman$i09J17b$l0$oKTS1 C1.19 09J17b$r2021-01-12 00:00:00$w2021-01-12$yBOO
=952  \\$00$10$2ddc$40$6KTS_1_000000000000000_C1_19_09J17B$70$8RAR$923908$aORPH$bORPH$cKTS1_C1$d2020-07-08$eKoopman$i09J17b$l0$oKTS1 C1.19 09J17b$r2021-01-12 00:00:00$w2021-01-12$yBOO
=952  \\$00$10$2ddc$40$6KTS_1_000000000000000_C1_19_09J17B$70$8RAR$924227$aORPH$bORPH$cKTS1_C1$d2020-07-08$eKoopman$i09J17b$l0$oKTS1 C1.19 09J17b$r2021-01-12 00:00:00$w2021-01-12$yBOO
=952  \\$00$10$2ddc$40$6KTS_1_000000000000000_C1_19_09J17B$70$8RAR$924228$aORPH$bORPH$cKTS1_C1$d2020-07-08$eKoopman$i09J17b$l0$oKTS1 C1.19 09J17b$r2021-01-12 00:00:00$w2021-01-12$yBOO
=952  \\$00$10$2ddc$40$6KTS_1_000000000000000_C1_19_09J17B$70$8RAR$924525$aORPH$bORPH$cKTS1_C1$d2020-07-08$eKoopman$i09J17b$l0$oKTS1 C1.19 09J17b$r2021-01-12 00:00:00$w2021-01-12$yBOO
=952  \\$00$10$2ddc$40$6KTS_1_000000000000000_C1_19_09J17B$70$8RAR$924526$aORPH$bORPH$cKTS1_C1$d2020-07-08$eKoopman$i09J17b$l0$oKTS1 C1.19 09J17b$r2021-01-12 00:00:00$w2021-01-12$yBOO
=952  \\$00$10$2ddc$40$6KTS_1_000000000000000_C1_19_09J17B$70$8RAR$924527$aORPH$bORPH$cKTS1_C1$d2020-07-08$eKoopman$i09J17b$l0$oKTS1 C1.19 09J17b$r2021-01-12 00:00:00$w2021-01-12$yBOO
=952  \\$00$10$2ddc$40$6KTS_1_000000000000000_C1_19_09J17B$70$8RAR$924528$aORPH$bORPH$cKTS1_C1$d2020-07-08$eKoopman$i09J17b$l0$oKTS1 C1.19 09J17b$r2021-01-12 00:00:00$w2021-01-12$yBOO
=952  \\$00$10$2ddc$40$6KTS_1_000000000000000_C1_19_09J17B$70$8RAR$924923$aORPH$bORPH$cKTS1_C1$d2020-07-08$eKoopman$i09J17b$l0$oKTS1 C1.19 09J17b$r2021-01-12 00:00:00$w2021-01-12$yBOO
=952  \\$00$10$2ddc$40$6KTS_1_000000000000000_C1_19_09J17B$70$8RAR$924924$aORPH$bORPH$cKTS1_C1$d2020-07-08$eKoopman$i09J17b$l0$oKTS1 C1.19 09J17b$r2021-01-12 00:00:00$w2021-01-12$yBOO
=952  \\$00$10$2ddc$40$6KTS_1_000000000000000_C1_19_09J17B$70$8RAR$924925$aORPH$bORPH$cKTS1_C1$d2020-07-08$eKoopman$i09J17b$l0$oKTS1 C1.19 09J17b$r2021-01-12 00:00:00$w2021-01-12$yBOO
=952  \\$00$10$2ddc$40$6KTS_1_000000000000000_C1_19_09J17B$70$8RAR$924926$aORPH$bORPH$cKTS1_C1$d2020-07-08$eKoopman$i09J17b$l0$oKTS1 C1.19 09J17b$r2021-01-12 00:00:00$w2021-01-12$yBOO
=952  \\$00$10$2ddc$40$6KTS_1_000000000000000_C1_19_09J17B$70$8RAR$926104$aORPH$bORPH$cKTS1_C1$d2020-07-08$eKoopman$i09J17b$l0$oKTS1 C1.19 09J17b$r2021-01-12 00:00:00$w2021-01-12$yBOO
=952  \\$00$10$2ddc$40$6KTS_1_000000000000000_C1_19_09J17B$70$8RAR$926105$aORPH$bORPH$cKTS1_C1$d2020-07-08$eKoopman$i09J17b$l0$oKTS1 C1.19 09J17b$r2021-01-12 00:00:00$w2021-01-12$yBOO
=952  \\$00$10$2ddc$40$6KTS_1_000000000000000_C1_19_09J17B$70$8RAR$926106$aORPH$bORPH$cKTS1_C1$d2020-07-08$eKoopman$i09J17b$l0$oKTS1 C1.19 09J17b$r2021-01-12 00:00:00$w2021-01-12$yBOO
=952  \\$00$10$2ddc$40$6KTS_1_000000000000000_C1_19_09J17B$70$8RAR$926107$aORPH$bORPH$cKTS1_C1$d2020-07-08$eKoopman$i09J17b$l0$oKTS1 C1.19 09J17b$r2021-01-12 00:00:00$w2021-01-12$yBOO
=952  \\$00$10$2ddc$40$6KTS_1_000000000000000_C1_19_09J17B$70$8RAR$926108$aORPH$bORPH$cKTS1_C1$d2020-07-08$eKoopman$i09J17b$l0$oKTS1 C1.19 09J17b$r2021-01-12 00:00:00$w2021-01-12$yBOO
=952  \\$00$10$2ddc$40$6KTS_1_000000000000000_C1_19_09J17B$70$8RAR$926109$aORPH$bORPH$cKTS1_C1$d2020-07-08$eKoopman$i09J17b$l0$oKTS1 C1.19 09J17b$r2021-01-12 00:00:00$w2021-01-12$yBOO
=952  \\$00$10$2ddc$40$6KTS_1_000000000000000_C1_19_09J17B$70$8RAR$926110$aORPH$bORPH$cKTS1_C1$d2020-07-08$eKoopman$i09J17b$l0$oKTS1 C1.19 09J17b$r2021-01-12 00:00:00$w2021-01-12$yBOO
=952  \\$00$10$2ddc$40$6KTS_1_000000000000000_C1_19_09J17B$70$8RAR$926111$aORPH$bORPH$cKTS1_C1$d2020-07-08$eKoopman$i09J17b$l0$oKTS1 C1.19 09J17b$r2021-01-12 00:00:00$w2021-01-12$yBOO
=952  \\$00$10$2ddc$40$6KTS_1_000000000000000_C1_19_09J17B$70$8RAR$926112$aORPH$bORPH$cKTS1_C1$d2020-07-08$eKoopman$i09J17b$l0$oKTS1 C1.19 09J17b$r2021-01-12 00:00:00$w2021-01-12$yBOO
=952  \\$00$10$2ddc$40$6KTS_1_000000000000000_C1_19_09J17B$70$8RAR$926113$aORPH$bORPH$cKTS1_C1$d2020-07-08$eKoopman$i09J17b$l0$oKTS1 C1.19 09J17b$r2021-01-12 00:00:00$w2021-01-12$yBOO
=952  \\$00$10$2ddc$40$6KTS_1_000000000000000_C1_19_09J17B$70$8RAR$926114$aORPH$bORPH$cKTS1_C1$d2020-07-08$eKoopman$i09J17b$l0$oKTS1 C1.19 09J17b$r2021-01-12 00:00:00$w2021-01-12$yBOO
=952  \\$00$10$2ddc$40$6KTS_1_000000000000000_C1_19_09J17B$70$8RAR$926115$aORPH$bORPH$cKTS1_C1$d2020-07-08$eKoopman$i09J17b$l0$oKTS1 C1.19 09J17b$r2021-01-12 00:00:00$w2021-01-12$yBOO
=999  \\$c2604$d2604

