=LDR  01523aam a2200277   4500
=001  2606
=008  230906s1785\\\\|||g||||\||||\00|\0\eng\d
=041  \\$aeng
=059  \\$ahpd/pf
=100  \\$aHook, James$d1746-1827$4aut$1http://www.wikidata.org/entity/Q614576$94751
=240  \\$aop. 37
=245  \\$aGuida di musica:$bBeing a complete Book of Instructions for Beginners on the Harpsichord or Piano Forte
=260  \\$aLondon$bPreston$c1785
=300  \\$a25 pages$bmusic examples
=500  \\$aOriginally published by Clementi
=500  \\$aJames Hook (1746-1827) was the organist and resident composer of Vauxhall Gardens from 1774 until 1820
=590  \\$aEntirely on a new plan, calculated to save a great deal of time & trouble both to master & scholar. To which is added twenty four progressive lessons in various keys with the fingering marked throughout
=648  \0$1http://www.wikidata.org/entity/Q7015$a18th Century (1701-1800)$920899
=650  \0$aMethod$1http://www.wikidata.org/entity/Q2250960$921402
=650  \0$aHarpsichord$1http://www.wikidata.org/entity/Q81982$92125
=650  \0$aPiano$1http://www.wikidata.org/entity/Q5994$92127
=650  \0$aMusic education$1http://www.wikidata.org/entity/Q27908$921766
=651  \0$1http://www.wikidata.org/entity/Q84$aLondon (United Kingdom)$9123
=942  \\$cBOO
=952  \\$00$10$2ddc$40$6KTS_1_000000000000000_C3_28_09K01$70$8RAR$92606$aORPH$bORPH$cKTS1_C3$d2020-07-08$eKoopman$l0$oKTS1 C3.28 09K01$p20145733$r2021-01-12 00:00:00$w2021-01-12$yBOO
=999  \\$d2606

