=LDR  01339    a2200265   4500
=001  2614
=008  230906b\\\\\\\\|||||l||\||||\00|\0\eng\d
=041  \\$aeng
=059  \\$aorg
=100  \\$aBlewitt, Jonas$4cmp$96951
=240  \\$aop. 5
=245  \\$aTen Voluntaries or Pieces for the Organ
=260  \\$aLondon$bCulliford$bRolfe$bBarrow$c1796 [?]
=300  \\$a40 pages
=500  \\$aJonas Blewitt was a celebrated organist and composer in the latter half of the 18th century and, besides these voluntaries, author of 'A Treatise on the Organ, with explanatory Voluntaries' and 'Twelve easy and familiar movements for the Organ'.
=648  \0$1http://www.wikidata.org/entity/Q7015$a18th Century (1701-1800)$920899
=650  \0$aInstrumental music$1http://www.wikidata.org/entity/Q639197$92106
=650  \0$aVoluntary$1http://www.wikidata.org/entity/Q3247534$923143
=650  \0$aOrgan$1http://www.wikidata.org/entity/Q1444$92810
=651  \0$1http://www.wikidata.org/entity/Q84$aLondon (United Kingdom)$9123
=653  \0$aboekprijs$3tp$020145747$w09K06$929701
=653  \0$aorgelregistratie$3vw, wb$020145747$w09K06$935575
=942  \\$cSCO
=952  \\$00$10$2ddc$40$6KTS_1_000000000000000_C3_28_09K06$70$8RAR$92614$aORPH$bORPH$cKTS1_C3$d2020-07-08$eKoopman$l0$oKTS1 C3.28 09K06$p20145747$r2021-01-12 00:00:00$w2021-01-12$ySCO
=999  \\$d2614

