=LDR  01216acm a2200241   4500
=001  2615
=008  230906b\\\\\\\\|||||l||\||||\00|\0\fre\d
=041  \\$afre
=059  \\$apf
=100  1\$aNägeli, Hans Georg$d1773-1836$4cmp$1http://www.wikidata.org/entity/Q672548$95405
=245  \\$aTrois sonates pour le piano forte
=260  \\$aZürich$bClementi$cs.d.
=300  \\$a35 pages
=490  \\$aRépertoire des clavecinistes$v10
=500  \\$aMuzio Clementi (1752-1832) was an Italian-British composer, virtuoso pianist, pedagogue, conductor, music publisher, editor, and piano manufacturer, who was mostly active in England.
=648  \0$1http://www.wikidata.org/entity/Q7015$a18th Century (1701-1800)$920899
=648  \0$1http://www.wikidata.org/entity/Q6955$a19th Century (1801-1900)$920935
=650  \0$aInstrumental music$1http://www.wikidata.org/entity/Q639197$92106
=650  \0$aSonata$1http://www.wikidata.org/entity/Q131269$921653
=650  \0$aPiano$1http://www.wikidata.org/entity/Q5994$92127
=942  \\$cSCO
=952  \\$00$10$2ddc$40$6KTS_1_000000000000000_C3_28_09K07$70$8RAR$92615$aORPH$bORPH$cKTS1_C3$d2020-07-08$eKoopman$l0$oKTS1 C3.28 09K07$p20145749$r2021-01-12 00:00:00$w2021-01-12$ySCO
=999  \\$d2615

