=LDR  01185acm a2200265   4500
=001  2619
=005  20250923161049.0
=008  220518s1714\\\\|||||l||\||||\00|\0\fre\d
=041  \\$afre$dfre$dita
=059  \\$av bc
=100  \\$aStuck, Jean-Baptiste$d1680-1755$4cmp$1http://www.wikidata.org/entity/Q1445634$96953
=245  \\$aCantates françoises et italiennes a I. II. voix et basse-continue avec symphonies$nlivre IV
=250  \\$a1st ed.
=260  \\$aParis$bBallard$c1714
=300  \\$a72 pages
=500  \\$aGuillo 2021 n° 1714-F, RISM S 7038 et SS 7038
=648  \0$a18th Century (1701-1800)$1http://www.wikidata.org/entity/Q7015$920899
=650  \0$aCantata$1http://www.wikidata.org/entity/Q174873$921603
=650  \0$aVocal music$1http://www.wikidata.org/entity/Q685884$93319
=650  \0$aBasso continuo$1http://www.wikidata.org/entity/Q724321$921065
=651  \0$aFrance$1http://www.wikidata.org/entity/Q142$9131
=942  \\$cSCO
=952  \\$00$10$2ddc$40$6KTS_1_000000000000000_C3_28_09K13$70$8RAR$92619$aORPH$bORPH$cKTS1_C3$d2020-07-08$eKoopman$oKTS1 C3.28 09K13$p20145755$r2021-01-12 00:00:00$w2021-01-12$ySCO
=999  \\$d2619
=533  \\$aDigitized by iGuana, Spring 2025.

