=LDR  02308acb a2200409   4500
=001  2620
=005  20250926134853.0
=008  220901s1844\\\\|||||l||\||||\00|\0\ger\d
=024  \\$2Peters$a8656
=041  \\$ager
=059  \\$aorg
=100  \\$aBach, Johann Sebastian$d1685-1750$4cmp$1http://www.wikidata.org/entity/Q1339$94766
=240  \\$aOrgan Sonatas BWV 525 - 530; Passacaglia BWV 582; Pastorale BWV 590
=245  \\$aBach, Orgelwerke. Band I$pSechs Sonaten für zwei Manuale und Pedal, Passacaglia, Pastorale
=260  \\$aLeipzig$bPeters$c1844
=300  \\$a95 pages$blater linen binding
=490  \\$aJohann Sebastian Bach's Compositionen für die Orgel$vvol. 1
=500  \\$aSee also 15D01 for the complete Peters 1844 edition, or SCO BACH1 for Herrmann Keller's revision
=500  \\$aTon Koopman recorded these sonatas at the Waalse Kerk, Amsterdam in 1982 (Archiv Produktion, 1983)
=500  \\$aProbably a later print, not indicated in the volume.
=505  \\$gI. Sechs Sonaten fur zwei Manuale und Pedal, II. Passacaglia, III. Pastorale
=561  \\$aEx libris L. Blaauw (ms on titlepage)
=563  \\$aModern binding by Hermaion Bussum
=590  \\$aKritisch-korrecte Ausgabe
=648  \0$a18th Century (1701-1800)$1http://www.wikidata.org/entity/Q7015$920899
=650  \0$aOrgan music$1http://www.wikidata.org/entity/Q2003283$91951
=650  \0$aSonata$1http://www.wikidata.org/entity/Q131269$921653
=650  \0$aTrio sonata$1http://www.wikidata.org/entity/Q903425$921654
=650  \0$aPassacaglia$1http://www.wikidata.org/entity/Q752329$92976
=650  \0$aPastoral$1http://www.wikidata.org/entity/Q1472271$92271
=651  \0$aGermany$1http://www.wikidata.org/entity/Q183$9155
=700  \\$4edt$aGriepenkerl, Friedrich Conrad$d1782-1849$1http://www.wikidata.org/entity/Q1460491$95363
=700  \\$4edt$aRoitzsch, Friedrich August$d1805-1889$1http://www.wikidata.org/entity/Q59627908$95364
=856  \\$uhttps://vmirror.imslp.org/files/imglnks/usimg/3/3c/IMSLP788334-PMLP801031-Bach_Organ_Works_volume_1.pdf$3later revision of the same edition
=942  \\$cSCO
=952  \\$00$10$2ddc$40$6KTS_1_000000000000000_C3_28_09K14_01$70$8RAR$92620$aORPH$bORPH$cKTS1_C3$d2020-07-08$eKoopman$l0$oKTS1 C3.28 09K14_01$p20145767$r2021-01-12 00:00:00$w2021-01-12$ySCO
=999  \\$d2620

