=LDR  01628acb a2200313   4500
=001  2621
=005  20250926134853.0
=008  220901s1844\\\\|||||a||\||||\00|\0\ger\d
=041  \\$ager
=059  \\$aorg
=100  \\$aBach, Johann Sebastian$d1685-1750$4cmp$1http://www.wikidata.org/entity/Q1339$94766
=240  \\$aPraeludium und Fuge BWV 534; BWV 536; BWV 541-548
=245  \\$aJ.S. Bach Praeludium und Fuga
=260  \\$aThe Hague$bCorrespondance Musicale$c1844
=300  \\$a97 pages$bblack cover, red leather label with gilt lettering
=490  \\$aJohann Sebastian Bach's Compositionen für die Orgel$vvol. 2
=500  \\$aDutch reprint of Leipzig: Peters, 1844 (see 15D01 and elsewhere)
=500  \\$aplate number 1003
=590  \\$aKritisch-korrecte Ausgabe
=648  \0$a18th Century (1701-1800)$1http://www.wikidata.org/entity/Q7015$920899
=650  \0$aOrgan music$1http://www.wikidata.org/entity/Q2003283$91951
=650  \0$aFugue$1http://www.wikidata.org/entity/Q181014$93142
=651  \0$aGermany$1http://www.wikidata.org/entity/Q183$9155
=700  \\$4edt$aGriepenkerl, Friedrich Conrad$d1782-1849$1http://www.wikidata.org/entity/Q1460491$95363
=700  \\$4edt$aRoitzsch, Friedrich August$d1805-1889$1http://www.wikidata.org/entity/Q59627908$95364
=856  \\$uhttps://vmirror.imslp.org/files/imglnks/usimg/1/14/IMSLP494758-PMLP801031-01004470600.pdf$3later version of this edition
=942  \\$cSCO
=952  \\$00$10$2ddc$40$6KTS_1_000000000000000_C3_28_09K14_02$70$8RAR$92621$aORPH$bORPH$cKTS1_C3$d2020-07-08$eKoopman$l0$oKTS1 C3.28 09K14_02$p20145766$r2021-01-12 00:00:00$w2021-01-12$ySCO
=999  \\$d2621

