=LDR  01472acm a2200253   4500
=001  2623
=008  230911b\\\\\\\\|||||l||\||||\00|\0\ger\d
=041  \\$ager
=059  \\$aSATB org
=100  \\$aRinck, Christian Heinrich$d1770-1846$4cmp$1http://www.wikidata.org/entity/Q559451$96535
=240  \\$aop. 73
=245  \\$aWeihnachts-Cantate für Sopran, Alt, Tenor und Bass nebst obligater Orgel- oder Clavier-Begleitung
=260  \\$aBerlin$bSimrock$c18xx
=300  \\$a19 pages
=500  \\$aJohann Christian Heinrich Rinck (1770-1846) was a German composer and organist. He studied with Johann Christian Kittel (1732–1809), (a pupil of Johann Sebastian Bach), and eventually became Kantor at the music school in Darmstadt, where he was also a court organist from 1813. He composed prolifically, and an organ primer of his enjoyed wide popularity.
=561  \\$aEx libris Piet van Egmond (stamp)
=648  \0$1http://www.wikidata.org/entity/Q6955$a19th Century (1801-1900)$920935
=650  \0$aChristmas$1http://www.wikidata.org/entity/Q19809$92122
=650  \0$aCantata$1http://www.wikidata.org/entity/Q174873$921603
=650  \0$aBasso continuo$1http://www.wikidata.org/entity/Q724321$921065
=651  \0$1http://www.wikidata.org/entity/Q183$aGermany$9155
=942  \\$cSCO
=952  \\$00$10$2ddc$40$6KTS_1_000000000000000_C3_28_09K16$70$8RAR$92623$aORPH$bORPH$cKTS1_C3$d2020-07-08$eKoopman$l0$oKTS1 C3.28 09K16$p20145770$r2021-01-12 00:00:00$w2021-01-12$ySCO
=999  \\$d2623

