=LDR  02743    a2200565   4500
=001  2626
=005  20250923161049.0
=008  230911r17641750|||g||||\||||\00|\0\fre\d
=041  \\$afre$hger
=059  \\$akbd
=100  \\$aMarpurg, Friedrich Wilhelm$d1718-1795$4aut$1http://www.wikidata.org/entity/Q548897$94794
=245  \\$aL'Art de toucher le clavecin
=260  \\$aParis$bLe Menu$c1764
=300  \\$a37 pages
=500  \\$aThere exists a facsimile reprint of this edition by Minkoff
=534  \\$aOriginally published in 1750
=590  \\$aselon la manière perfectionnée des modernes
=648  \0$1http://www.wikidata.org/entity/Q7015$a18th Century (1701-1800)$920899
=650  \0$aMethod$1http://www.wikidata.org/entity/Q2250960$921402
=650  \0$aHarpsichord$1http://www.wikidata.org/entity/Q81982$92125
=650  \0$aMusic education$1http://www.wikidata.org/entity/Q27908$921766
=653  \0$aarpeggio$334, 35$020145757$w09K19$928797
=653  \0$aboekprijs$3tp$020145757$w09K19$929701
=653  \0$adubbelslag$330$020145757$w09K19$931248
=653  \0$adubbelslag voor de slag$330$020145757$w09K19$931253
=653  \0$aport de voix$326, 27, 28$020145757$w09K19$936088
=653  \0$aport de voix voor de slag$328?$020145757$w09K19$936092
=653  \0$atemperatuur$336, 37$020145757$w09K19$936807
=653  \0$atempo van mordent$332$020145757$w09K19$936826
=653  \0$agroppo$330$020145757$w09K19$932429
=653  \0$atrillervingerzetting$35$020145757$w09K19$937160
=653  \0$ahandhouding$31$020145757$w09K19$932548
=653  \0$avingerzetting$31, 2-$020145757$w09K19$937568
=653  \0$alengte van port de voix$326, 27$020145757$w09K19$934041
=653  \0$aschleiffer$329$020145757$w09K19$938873
=653  \0$aSchleiffer_voor de slag$329?$020145757$w09K19$938878
=653  \0$amordent$331, 32$020145757$w09K19$934868
=653  \\$aaspiration$327$928836$020145757$w09K19
=653  \\$abovensecunde triller$332, 33$929855$020145757$w09K19
=653  \\$aduim op boventoets$31$931271$020145757$w09K19
=653  \\$aflatté$329$931748$020145757$w09K19
=653  \\$atertsenvingerzetting$36$936865$020145757$w09K19
=653  \\$atrillers etc.$35, 26-34, 34-$937146$020145757$w09K19
=700  \\$1http://www.wikidata.org/entity/Q76446384$4trl$aRoeser, Valentin$d1735-1782$96955
=700  \\$1http://www.wikidata.org/entity/Q88592$4aut$aSorge, Georg Andreas$d1703-1778$97274
=765  \\$aDie Kunst das Klavier zu spielen
=942  \\$cBOO
=952  \\$00$10$2ddc$40$6KTS_1_000000000000000_C3_28_09K19$70$8RAR$92626$aORPH$bORPH$cKTS1_C3$d2020-07-08$eKoopman$l0$oKTS1 C3.28 09K19$p20145757$r2021-01-12 00:00:00$w2021-01-12$yBOO
=999  \\$d2626
=533  \\$aDigitized by iGuana, Spring 2025.

