=LDR  01818acm a2200337   4500
=001  2627
=005  20250926134853.0
=008  210818s1801\\\\|||||l||\||||\00|\0\\\\\d
=041  \\$afre
=059  \\$ahpd
=100  \\$aBach, Johann Sebastian$d1685-1750$4cmp$1http://www.wikidata.org/entity/Q1339$94766
=240  \\$aDas Wohltemperierte Klavier; Well-Tempered Clavier; WTC I; BWV 846-869
=245  \\$aLe Clavecin bien tempéré ou Preludes et fugues dans tous les tons et demitons$nvol. 1
=260  \\$aLeipzig$bPeters$c[1816]
=300  \\$a87 pages$bprobably later binding, decorative paper cover; endpapers browned
=500  \\$aA re-issue of the edition published by Peters' predecessor Hoffmeister in ca. 1801. 
=500  \\$aplate number 53
=500  \\$afingerings in pencil in the first fugue
=500  \\$aThis is WTC I only. 
=500  \\$aA beautiful and clear edition
=561  \\$aname on titlepage no longer legible, 
=563  \\$aedges of the paper have suffered some damage. Titlepage and the back of the last page are darker and the titlepage has some spots, which suggests it has been without a cover for some time. 
=590  \\$adu Mode majeur et mineur. Partie 1. Edition nouvelle et corrigée.
=648  \0$1http://www.wikidata.org/entity/Q7015$a18th Century (1701-1800)$920899
=650  \0$aInstrumental music$1http://www.wikidata.org/entity/Q639197$92106
=650  \0$aKeyboard music$1http://www.wikidata.org/entity/Q105715630$921412
=650  \0$aTonality$1http://www.wikidata.org/entity/Q192822$923769
=651  \0$1http://www.wikidata.org/entity/Q183$aGermany$9155
=942  \\$cSCO
=952  \\$00$10$2ddc$40$6KTS_1_000000000000000_C3_28_09K20$70$8RAR$92627$aORPH$bORPH$cKTS1_C3$d2020-07-08$eKoopman$l0$oKTS1 C3.28 09K20$p20145775$r2021-01-12 00:00:00$w2021-01-12$ySCO
=999  \\$d2627

