=LDR  03857    a2200661   4500
=001  2632
=008  230911s1785\\\\|||||l||\||||\00|\0\fre\d
=041  \\$afre
=059  \\$av hpd
=245  \\$aJournal hebdomadaire, Composé d'Airs d'Opéra et Opéra-comiques,$bVingt-Deuxième Année
=260  \\$aParis$bLe Duc$c1785
=300  \\$a121 pages (pg. 3-4, 58-61, 71-73, 90-91,112-113, 116-119, 122-123? are missing) 
=500  \\$aThe 'Journal hebdomadaire' ran from 1764 until 1810, see also 03J29, 04A15-17 and 26A11
=500  \\$aNos. 25, 30, 38, 48, 50, 52? are missing from this set.
=500  \\$aContains music by Beauvarlet Charpentier fils, Blin de la Codre, Tapray, Edelmann, Couperin laine, Moreau de St. Rose, Mlle. N. Despréaux, Couperin le jeune, Dreux le jeune, Gautherot, Torlez, Fodor, Rochefort, and also Mlle. T.H.... Arrangements by some of the above and Mr. Foignet, Chauvet le jeune, Piccini le jeune, Bury, Haussmann, Méhul, Mlle de Bar, V. Simon, and also Mlle S...
=501  \\$aBound in with César's 'Les Variétés à la mode'
=563  \\$aLeather back and corners, green paper covers
=590  \\$amêlé de Vaudevilles, Rondeaux, Ariettes Françoises & Italiennes, Duos, Romances, &c., avec accompagnement de Clavecin, Par les Meilleurs Auteurs
=648  \0$1http://www.wikidata.org/entity/Q7015$a18th Century (1701-1800)$920899
=650  \0$aOpéra comique$1http://www.wikidata.org/entity/Q785479$926167
=650  \0$aArrangement$1http://www.wikidata.org/entity/Q379755$94282
=650  \0$aAria$1http://www.wikidata.org/entity/Q178122$921592
=651  \0$1http://www.wikidata.org/entity/Q142$aFrance$9131
=653  \0$a??$354, 80, 84, 92$020145774b$w09K24b$928331
=653  \0$aboekprijs$3tp, 1, 120$020145774b$w09K24b$929701
=653  \0$acomponiste$320, 46, 56, 68, 82$020145774b$w09K24b$930632
=653  \0$aorgel - piano: één instrument$3tp$020145774b$w09K24b$935467
=653  \0$aDespréaux$356$020145774b$w09K24b$931035
=653  \0$aPiccini$314, 73$020145774b$w09K24b$935958
=653  \0$apochette$3tp$020145774b$w09K24b$936040
=653  \0$astemvork$3tp$020145774b$w09K24b$936573
=653  \0$ahobo-en fagotrieten$3tp$020145774b$w09K24b$932809
=653  \0$aRameau, J.P.$364$020145774b$w09K24b$938224
=653  \0$aserpent$3tp$020145774b$w09K24b$939067
=653  \0$asnaren_algemeen$3tp$020145774b$w09K24b$939194
=653  \0$aMéhul$331$020145774b$w09K24b$934609
=653  \\$aAgt, R. d'$3102, 106, 110, 120$928539$020145774b$w09K24b
=653  \\$aBar, Madame de$368$929074$020145774b$w09K24b
=653  \\$aBeauvarlet-Charpentier$36$929304$020145774b$w09K24b
=653  \\$aBlin de la Coche$38, 17, 66, 86, 100, 106$929633$020145774b$w09K24b
=653  \\$aBury$324$930064$020145774b$w09K24b
=653  \\$aChauvet$312$930419$020145774b$w09K24b
=653  \\$aCouperin (le jeune), G.F.$362$930789$020145774b$w09K24b
=653  \\$aCouperin l'ainé, P.L.$344$930790$020145774b$w09K24b
=653  \\$aDreux$374$931209$020145774b$w09K24b
=653  \\$aEdelmann$324$931384$020145774b$w09K24b
=653  \\$aFodor$394$931790$020145774b$w09K24b
=653  \\$aFoiguet$34, 27, 49$931794$020145774b$w09K24b
=653  \\$aGautherot$382, 96$932044$020145774b$w09K24b
=653  \\$aHaußmann$328, 33, 35, 38, 44, 94$932624$020145774b$w09K24b
=653  \\$aMoreau de St. Rose$352$934877$020145774b$w09K24b
=653  \\$amuziekinstrumentenverkoop$3tp$935081$020145774b$w09K24b
=653  \\$aSimon, V.$3104$939128$020145774b$w09K24b
=653  \\$aTappray$310, 22, 40, 108, 114$936743$020145774b$w09K24b
=653  \\$aTorlez$388$937037$020145774b$w09K24b
=942  \\$cSCO
=952  \\$00$10$2ddc$40$6KTS_1_000000000000000_C3_29_09K24B$70$8RAR$92632$aORPH$bORPH$cKTS1_C3$d2020-07-08$eKoopman$l0$oKTS1 C3.29 09K24b$p20145774b$r2021-01-12 00:00:00$w2021-01-12$ySCO
=999  \\$d2632

