=LDR  02783    a2200493   4500
=001  2633
=008  230912s1760\\\\|||||l||\||||\00|\0\eng\d
=041  \\$aeng
=059  \\$ahpd
=100  \\$aPasquali, Nicolò$d1718-1757$4aut$95368
=245  \\$aThe Art of Fingering the Harpsichord
=260  \\$aEdinburgh$bBremner$c[1758]
=300  \\$avii-28-xv pages$boblong pages of music with smaller (quarto) pages of text bound together, modern cardboard binding in old style 
=500  \\$aBremner was a Scottish publisher who in 1754 set up a printing company in Edinburgh (see this print and 05D09) which moved to London around 1762
=500  \\$aNiccolo Pasquali was an Italian violinist, composer (and harpsichordist probably), who worked in Edinburgh, Dublin and London. He published 'Thorough-bass made easy' in 1757.
=590  \\$aIllustrated with Examples in Notes; To which is added, An approved Method of Tuning this Instrument
=648  \0$1http://www.wikidata.org/entity/Q7015$a18th Century (1701-1800)$920899
=650  \0$aMethod$1http://www.wikidata.org/entity/Q2250960$921402
=650  \0$aHarpsichord$1http://www.wikidata.org/entity/Q81982$92125
=650  \0$aTuning$1http://www.wikidata.org/entity/Q858576$921655
=650  \0$aHand$1http://www.wikidata.org/entity/Q33767$923439
=650  \0$aFingering$1http://www.wikidata.org/entity/Q608487$921861
=651  \0$1http://www.wikidata.org/entity/Q22$aScotland$921258
=653  \0$aAlberti, D.$324$020145776$w09K25$928560
=653  \0$aartikulatie$3wb, 26 pl. xiv$020145776$w09K25$928817
=653  \0$abasso continuo$3vw, iv$020145776$w09K25$929163
=653  \0$aboekprijs$3tp$020145776$w09K25$929701
=653  \0$aBremner, T.$3vw$020145776$w09K25$929932
=653  \0$aprijs van gitaar$3tp$020145776$w09K25$936170
=653  \0$atemperament$3pl. xv$020145776$w09K25$936806
=653  \0$aglissando$327$020145776$w09K25$932234
=653  \0$atouch[er]$3iv$020145776$w09K25$937043
=653  \0$atremolo$327, pl. xiv$020145776$w09K25$937095
=653  \0$atrillers etc.$32, pl. xii$020145776$w09K25$937146
=653  \0$atrillertabel$3pl.i$020145776$w09K25$937158
=653  \0$aHändel, G.F.$321, 23$020145776$w09K25$932536
=653  \0$ahandhouding$3vii$020145776$w09K25$932548
=653  \0$avingerzetting$3wb, vii$020145776$w09K25$937568
=653  \0$aJozzi$324$020145776$w09K25$933258
=653  \\$acopyright$3licence$930730$020145776$w09K25
=856  \\$uhttps://imslp.org/wiki/The_Art_of_Fingering_the_Harpsichord_(Pasquali%2C_Nicolo)$3International Music Score Library Project
=942  \\$cSCO
=952  \\$00$10$2ddc$40$6KTS_1_000000000000000_C3_29_09K25$70$8RAR$92633$aORPH$bORPH$cKTS1_C3$d2020-07-08$eKoopman$l0$oKTS1 C3.29 09K25$p20145776$r2021-01-12 00:00:00$w2021-01-12$ySCO
=999  \\$d2633

