=LDR  01300acm a2200277   4500
=001  2634
=008  210326b\\\\\\\\\\\||k|||||||\00|\0\swe\d
=041  \\$aswe
=059  \\$av pf
=100  \\$aLindblad, Adolf Fredrik$d1801-1878$4cmp$96961
=245  \\$aTre Sånger vid forte-piano
=260  \\$aStockholm$bHedbom$c1845c
=300  \\$a24 pages
=501  \\$aBound in with 'Giulietta & Romeo: Duetto'
=533  \\$aDigitized by iGuana, Spring 2022
=648  \0$a19th Century (1801-1900)$1http://www.wikidata.org/entity/Q6955$920935
=650  \0$aVocal music$1http://www.wikidata.org/entity/Q685884$93319
=650  \0$aTrio$1http://www.wikidata.org/entity/Q281643$921327
=650  \0$aPiano$1http://www.wikidata.org/entity/Q5994$92127
=651  \0$aSweden$1http://www.wikidata.org/entity/Q34$9275
=773  \\$02635$t Giulietta & Romeo: Duetto$w2635
=856  \\$uhttps://uv-v4.netlify.app/#?manifest=https://sharedcanvas.be/IIIF/manifests/15a583f0-497d-11ed-8eb8-f5d6784bc750$3IIIF
=856  \\$uhttps://sharedcanvas.be/IIIF/manifests/15a583f0-497d-11ed-8eb8-f5d6784bc750$3IIIF manifest
=942  \\$cSCO
=952  \\$00$10$2ddc$40$6KTS_1_000000000000000_C3_29_09K26A$70$8RAR$92634$aORPH$bORPH$cKTS1_C3$d2020-07-08$eKoopman$oKTS1 C3.29 09K26a$p20136182a$r2021-01-12 00:00:00$w2021-01-12$yMS
=999  \\$d2634

