=LDR  01120acm a2200253   4500
=001  2640
=008  230912s1824\\\\||||||||\||||\00|\0\fre\d
=041  \\$afre
=059  \\$apf
=100  \\$aBeethoven, Ludwig van$d1770-1827$4cmp$1http://www.wikidata.org/entity/Q255$95335
=240  \\$aop. 8
=245  \\$aPolonoise favorite à quatre mains pour le piano forté
=260  \\$aOffenbach am Main$bAndré$c1824
=300  \\$a7 pages
=500  \\$aAdaptation of the Allegretto alla Polacca from op. 8
=500  \\$aDedication written in ink on front page
=648  \0$1http://www.wikidata.org/entity/Q6955$a19th Century (1801-1900)$920935
=650  \0$aPolonaise$1http://www.wikidata.org/entity/Q203478$922923
=650  \0$aPiano$1http://www.wikidata.org/entity/Q5994$92127
=650  \0$aQuatre mains$1http://www.wikidata.org/entity/Q227484$922186
=651  \0$1http://www.wikidata.org/entity/Q183$aGermany$9155
=942  \\$cSCO
=952  \\$00$10$2ddc$40$6KTS_1_000000000000000_C3_29_09K31$70$8RAR$92640$aORPH$bORPH$cKTS1_C3$d2020-07-08$eKoopman$l0$oKTS1 C3.29 09K31$p20145783$r2021-01-12 00:00:00$w2021-01-12$ySCO
=999  \\$d2640

