=LDR  01646acm a2200313   4500
=001  2643
=005  20250926134853.0
=008  230912b\\\\\\\\||||||||\||||\00|\0\fre\d
=041  \\$afre
=059  \\$ahpd
=100  \\$aBach, Johann Sebastian$d1685-1750$4cmp$1http://www.wikidata.org/entity/Q1339$94766
=240  \\$aBWV 812-817
=245  \\$aVI suites pour le clavecin
=260  \\$aLeipzig$bPeters$c1803 [?]
=300  \\$a7+7+7+7+7+7 pages
=500  \\$aThe French Suites, BWV 812–817, are six suites which Johann Sebastian Bach wrote for the clavier (harpsichord or clavichord) between the years of 1722 and 1725. Although Suites Nos. 1 to 4 are typically dated to 1722, it is possible that the first was written somewhat earlier.
=500  \\$aPossibly first edition
=500  \\$afingering noted in pencil throughout the score
=561  \\$aEx libris G. Probst-Schilling (stamp)
=648  \0$1http://www.wikidata.org/entity/Q7015$a18th Century (1701-1800)$920899
=648  \0$1http://www.wikidata.org/entity/Q6955$a19th Century (1801-1900)$920935
=650  \0$aSuite$1http://www.wikidata.org/entity/Q203005$921718
=650  \0$aHarpsichord$1http://www.wikidata.org/entity/Q81982$92125
=650  \0$aFingering$1http://www.wikidata.org/entity/Q608487$921861
=651  \0$1http://www.wikidata.org/entity/Q2079$aLeipzig (Germany)$945
=856  4\$uhttp://digital.library.yale.edu/cdm/compoundobject/collection/10274/id/80
=942  \\$cSCO
=952  \\$00$10$2ddc$40$6KTS_1_000000000000000_C3_29_09K33$70$8RAR$92643$aORPH$bORPH$cKTS1_C3$d2020-07-08$eKoopman$l0$oKTS1 C3.29 09K33$p20145784$r2021-01-12 00:00:00$w2021-01-12$ySCO
=999  \\$d2643

