=LDR  01850adm a2200349   4500
=001  2645
=008  210325n\\\\\\\\\\\||l|||||||\00|\0\fre\d
=041  \\$afre
=059  \\$apf
=100  \\$aMozart, Wolfgang Amadeus$d1756-1791$4cmp$1http://www.wikidata.org/entity/Q254$95341
=240  \\$aDon Giovanni KV 527
=245  \\$aXII Variations sur une Menuet de l'Opéra Don Juan de W. A. Mozart pour le Forte-Piano
=260  \\$as.l.$cs.d.
=300  \\$a11 pages
=500  \\$aFreystädtler was a student of Mozart's
=500  \\$aThe theme is the Minuet played in the finale of the first act of 'Don Giovanni'
=533  \\$aDigitized by iGuana, Spring 2022
=534  \\$aMozart's 'Don Giovanni' premiered in Prague, 1787
=561  \\$aIllegible ex libris and wax stamp on title page (manuscript)
=590  \\$aComposées par Franç. Freystädtler
=600  \0$aDon Juan$1http://www.wikidata.org/entity/Q210372$921613
=650  \0$aTheme and variations$1http://www.wikidata.org/entity/Q763324$92038
=650  \0$aOpera$1http://www.wikidata.org/entity/Q1344$92468
=650  \0$aMinuet$1http://www.wikidata.org/entity/Q205734$93918
=650  \0$aTheme and variations$1http://www.wikidata.org/entity/Q763324$92038
=650  \0$aKeyboard music$1http://www.wikidata.org/entity/Q105715630$921412
=700  \\$4arr$aFreystädtler, Franz Jacob$d1761-1841$1http://www.wikidata.org/entity/Q1447440$96966
=856  \\$uhttps://uv-v4.netlify.app/#?manifest=https://sharedcanvas.be/IIIF/manifests/70aeaf45-4a20-11ed-b783-9f904f0e2148$3IIIF
=856  \\$uhttps://sharedcanvas.be/IIIF/manifests/70aeaf45-4a20-11ed-b783-9f904f0e2148$3IIIF manifest
=942  \\$cMS
=952  \\$00$10$2ddc$40$6KTS_1_000000000000000_C3_29_09K35$70$8RAR$92645$aORPH$bORPH$cKTS1_C3$d2020-07-08$eKoopman$oKTS1 C3.29 09K35$p20136171$r2021-01-12 00:00:00$w2021-01-12$yMS
=999  \\$d2645

