=LDR  04444    a2200385   4500
=001  2648
=008  230912s1836\\\\|||||le|\||||\00|\b\fre\d
=041  \\$afre
=059  \\$akbd vn fl flag crt
=100  \\$aAdam, Adolphe$d1803-1856$4cmp$1http://www.wikidata.org/entity/Q189544$96451
=245  \\$aDeux quadrilles, sur les motifs du Postillon de Lonjumeau d'Adolphe Adam par Julien pour piano$bavec Acc. de Violon, Flûte, Flageolet ou Cornet à Piston, ad. Lib: par Marmontel
=260  \\$aParis$bDelahante$c1836 or later
=300  \\$a5-2-2-2-2 pages$bengraved title page, editor's stamp at foot of title page, bound in carboard marbled cover, linen spine and corners, oval ms vignet on front cover$coblong
=500  \\$aParts for keyboard and various other instruments
=500  \\$aAlthough the title mentions 2 quadrilles, the score contains only one ('1er Quadrille par L. Julien') consisting of 5 parts: Pantalon, Été, Poule, Pastourelle and Finale.
=500  \\$aengraved title page by and after A. Vialon
=500  \\$aPlate nr 1304 (1)
=500  \\$aLe postillon de Lonjumeau (The postman of Lonjumeau) is an opéra-comique in three acts by Adolphe Adam to a French libretto by Adolphe de Leuven and Léon Lévy Brunswick, and premiered by the Opéra-Comique at the Salle de la Bourse in Paris on 13 October 1836. The opera has become the most successful of Adam's works, and the one by which (apart from his ballet Giselle and his Christmas carol Cantique de Noël) he is best known outside his native France. The opera is known for the difficult aria "Mes amis, écoutez l'histoire" which has been called a test for tenors because of the demanding high D, or D5, at the end of the aria. 
=500  \\$aJulien, musical conductor, the son of a military bandsman, was born on 23 April 1812 at Sisteron in the Basses-Alpes. He was brought up in barracks, was instructed in music by his father, and was admitted to the band as piccolo-player. From 1833 to 1836 he was a pupil of Lecarpentier and Halévy at the Paris Conservatoire, but instead of applying himself to serious study occupied himself with composing dance music. In 1836 he persuaded the manager of the Jardin Turc to allow him to direct some concerts of dance music. His skill as an advertiser combined with the quality of his music to attract large and fashionable crowds. His adaptation as quadrilles of Meyerbeer's ‘Huguenots,’ then new and very popular, was heralded in bombastic paragraphs, and was especially successful. Soon he was known in Paris as the Napoleon of music.
=501  \\$aBound in with 'Son nom ! .... Quadrille de contredanses sur des romances de Mlle Loïsa Puget, pour le piano avec accomp. de violon, flute, flageolet et cornet à pistons (ad libitum)', 'Deux quadrilles de contredanses sur les motifs de l'opéra de Mercadante i Briganti, 1e quadrille' and 'Deux quadrilles de contredanses, une valse & une galop pour le piano, avec acc. de violon, flûte, flagéolet ou cornet à pistons ad libitum, aux motifs du Cheval de Bronze de D. F. E. Auber, 1er Quadrille et Valse' and 'Deux quadrilles de contredanses, une valse & une galop pour le piano, avec acc. de violon, flûte, flagéolet ou cornet à pistons ad libitum, aux motifs du Cheval de Bronze de D. F. E. Auber, 2me quadrille et galop' 

=648  \0$1http://www.wikidata.org/entity/Q6955$a19th Century (1801-1900)$920935
=650  \0$aInstrumental music$1http://www.wikidata.org/entity/Q639197$92106
=650  \0$aQuadrille$1http://www.wikidata.org/entity/Q394084$921083
=650  \0$aDance$1http://www.wikidata.org/entity/Q11639$1http://www.wikidata.org/entity/Q316930$924845
=650  \0$aArrangement$1http://www.wikidata.org/entity/Q379755$94282
=650  \0$aOpéra comique$1http://www.wikidata.org/entity/Q1344 $926167
=651  \0$1http://www.wikidata.org/entity/Q90$aParis (France)$9160
=653  \0$aboekprijs$3tp$020145762b$w09K38a-d$929701
=700  \\$1http://www.wikidata.org/entity/Q379923$aMarmontel, Jean-François$d1723-1799$4cmp$4arr$94757
=700  \\$aJulien, Louis-Antoine $d1812-1860$4cmp$4arr$1http://www.wikidata.org/entity/Q19081572$96970
=700  \\$96969$aDelahante, J.$4edt
=773  \\$021658$tH. Mirabaud$w21658
=942  \\$cSCO
=952  \\$00$10$2ddc$40$6KTS_1_000000000000000_C3_29_09K38B$70$8RAR$92648$aORPH$bORPH$cKTS1_C3$d2020-07-08$eKoopman$l0$oKTS1 C3.29 09K38b$p20145762b$r2021-01-12 00:00:00$w2021-01-12$ySCO
=999  \\$d2648

