=LDR  02217adm a2200325   4500
=001  2653
=008  210325b\\\\\\\\\\\||l|||||||\00|\0\fre\d
=041  \\$afre
=059  \\$akbd
=245  \\$a[Song and keyboard pieces]
=260  \\$as.l.$c1850-1900
=300  \\$a28 pages, many of which are blank
=505  \\$gMire dans mes yeux tes yeux -- Nocturne op. 16 / Alexander Dreyschok -- La Dorset ou Les Tiroirs [fragment] -- Jodler-Marsch / arr. Joseph Scherrer -- La Française. Polka Mazurka -- Berliner Polka-Mazurka -- La Guirlande de Roses. Valse -- La Violette. Polka Mazurka -- Polonaise du 2me Entr'acte de Struensée / Giacomo Meyerbeer -- 2. Capricietto / Johann Heuchemer -- 5. Volkslied -- finger exercises -- two compositions by Domenico Zipoli
=533  \\$aDigitized by iGuana, Spring 2022
=534  \\$aMichael Beer's play 'Struensée', with incidental music by Meyerbeer, premiered at the Schauspielhaus, Berlin, on 19 September 1844
=648  \0$a19th Century (1801-1900)$1http://www.wikidata.org/entity/Q6955$920935
=650  \0$aSong$1http://www.wikidata.org/entity/Q7366$94164
=650  \0$aKeyboard music$1http://www.wikidata.org/entity/Q105715630$921412
=650  \0$aMarch$1http://www.wikidata.org/entity/Q211025$922862
=650  \0$aIncidental music$1http://www.wikidata.org/entity/Q1147752$92558
=650  \0$aArrangement$1http://www.wikidata.org/entity/Q379755$94282
=700  \\$4cmp$aDreyschok, Alexander$d1818-1869$1http://www.wikidata.org/entity/Q600969$924609
=700  \\$4cmp$aMeyerbeer, Giacomo$d1791-1864$1http://www.wikidata.org/entity/Q105237$96868
=700  \\$4cmp$aHeuchemer, Johann$d1826-1858$1http://www.wikidata.org/entity/Q95635077$924611
=700  \\$4arr$aScherrer, Joseph$924610
=856  \\$uhttps://uv-v4.netlify.app/#?manifest=https://sharedcanvas.be/IIIF/manifests/15a5d0d1-497d-11ed-8eb8-91427c6a557e$3Orpheus Instituut - Shared Canvas viewer
=856  \\$uhttps://sharedcanvas.be/IIIF/manifests/15a5d0d1-497d-11ed-8eb8-91427c6a557e$3IIIF manifest
=942  \\$cMS
=952  \\$00$10$2ddc$40$6KTS_1_000000000000000_C3_29_09K39$70$8RAR$92653$aORPH$bORPH$cKTS1_C3$d2020-07-08$eKoopman$oKTS1 C3.29 09K39$p20136169$r2021-01-12 00:00:00$w2021-01-12$yMS
=999  \\$d2653

