=LDR  01583acm a2200325   4500
=001  2656
=005  20250923161049.0
=008  230912b\\\\\\\\|||||le|\||||\00|\0\fre\d
=041  \\$afre
=059  \\$apf 4h
=100  \\$aMozart, Wolfgang Amadeus$d1756-1791$4cmp$1http://www.wikidata.org/entity/Q254$95341
=240  \\$oArrangement of Piano Quartet in E-flat major KV 493
=245  \\$aGrande sonate à 4 mains, $barrangée par C. F. Ebers des quatuors pour le pianoforte
=260  \\$aBonn$bSimrock$c[1809]
=300  \\$a25 pages$bwithout cover, only a marbled paper back, oblong
=500  \\$aSecondo and primo facing each other
=500  \\$aplate number 616
=561  \\$aEx libris M.H. (stamps on title page)
=590  \\$aOeuvre 88 Nro II
=648  \0$1http://www.wikidata.org/entity/Q7015$a18th Century (1701-1800)$920899
=648  \0$1http://www.wikidata.org/entity/Q6955$a19th Century (1801-1900)$920935
=650  \0$aInstrumental music$1http://www.wikidata.org/entity/Q639197$92106
=650  \0$aChamber music$1http://www.wikidata.org/entity/Q189201$92105
=650  \0$aQuatre mains$1http://www.wikidata.org/entity/Q227484$922186
=650  \0$aArrangement$1http://www.wikidata.org/entity/Q379755$94282
=700  \\$1http://www.wikidata.org/entity/Q16191518$4arr$aEbers, Carl Friedrich$d1770-1836$95375
=942  \\$cSCO
=952  \\$00$10$2ddc$40$6KTS_1_000000000000000_C3_29_09K42$70$8RAR$92656$aORPH$bORPH$cKTS1_C3$d2020-07-08$eKoopman$l0$oKTS1 C3.29 09K42$p20145787$r2021-01-12 00:00:00$w2021-01-12$ySCO
=999  \\$d2656
=533  \\$aDigitized by iGuana, Spring 2025.

