=LDR  01393acm a2200265   4500
=001  2657
=003  OSt
=005  20250121142107.0
=008  210208s1778\\\\\\\||l||\||||\00|\0\ger\d
=040  \\$cOI
=041  \\$ager
=059  \\$akbd
=100  \\$aForkel, Johann Nikolaus$d1749-1818$4cmp$1http://www.wikidata.org/entity/Q57922$99221
=245  \\$aSechs Clavier Sonaten
=260  \\$aGöttingen$bForkel$bBreitkopf$c1778
=300  \\$a[iii]-42 pages
=500  \\$aJohann Nikolaus Forkel (22 February 1749 – 20 March 1818) was a German musicologist and music theorist, generally regarded as among the founders of modern musicology. To his musical compositions, which are numerous, little interest is to be attached today.
=648  \0$a18th Century (1701-1800)$1http://www.wikidata.org/entity/Q7015$920899
=650  \0$aKeyboard music$1http://www.wikidata.org/entity/Q105715630$921412
=650  \0$aSonata$1http://www.wikidata.org/entity/Q131269$921653
=651  \0$aGermany$1http://www.wikidata.org/entity/Q183$9155
=856  \\$uhttps://bildsuche.digitale-sammlungen.de/index.html?c=viewer&bandnummer=bsb00076344&pimage=00002&einzelsegment=&v=100&l=de$3Bavarian State Library
=942  \\$cSCO
=952  \\$00$10$2ddc$40$6KTS_1_000000000000000_C3_29_09K43$70$8RAR$92657$aORPH$bORPH$cKTS1_C3$d2020-07-08$eKoopman$l0$oKTS1 C3.29 09K43$p20145790$r2021-01-12 00:00:00$w2021-01-12$ySCO
=999  \\$d2657

