=LDR  01090acm a2200253   4500
=001  2658
=008  230912s1704\\\\|||||l||\||||\00|\0\ita\d
=041  \\$aita
=059  \\$avn vc/hpd
=100  1\$aCosimi, Nicola$d1667-1717$4cmp$1http://www.wikidata.org/entity/Q921713$96977
=240  \\$aop. 1
=245  \\$aSonate da camera a violino e violone o cembalo
=260  \\$aAmsterdam$bRoger$c1704
=300  \\$a53 pages
=500  \\$adated by Rudolf Rasch
=648  \0$1http://www.wikidata.org/entity/Q7015$a18th Century (1701-1800)$920899
=650  \0$aChamber music$1http://www.wikidata.org/entity/Q189201$92105
=650  \0$aSonata$1http://www.wikidata.org/entity/Q131269$921653
=650  \0$aViolin$1http://www.wikidata.org/entity/Q8355$92783
=650  \0$aCello$1http://www.wikidata.org/entity/Q8371$92688
=650  \0$aHarpsichord$1http://www.wikidata.org/entity/Q81982$92125
=942  \\$cSCO
=952  \\$00$10$2ddc$40$6KTS_1_000000000000000_C3_29_09K44$70$8RAR$92658$aORPH$bORPH$cKTS1_C3$d2020-07-08$eKoopman$l0$oKTS1 C3.29 09K44$p20145791$r2021-01-12 00:00:00$w2021-01-12$ySCO
=999  \\$d2658

