=LDR  01323acb a2200253   4500
=001  2662
=008  230912s1800\\\\|||||l||\||||\00|\0\fre\d
=041  \\$afre
=059  \\$apf
=100  \\$aHaydn, Joseph$d1732-1809$4cmp$1http://www.wikidata.org/entity/Q7349$94783
=240  \\$aPiano sonatas and piano works Hob.XVI:20, 35-39; Hob.XVII:1, 3-6
=245  \\$aXI Pièces pour le Pianoforte
=260  \\$aLeipzig$bBreitkopf & Härtel$c[1800]
=300  \\$a104 pages$bcahiers I and II bound together, oblong, etching on titlepage
=490  \\$aOeuvres Complettes de Joseph Haydn $vvol. 2
=648  \0$1http://www.wikidata.org/entity/Q7015$a18th Century (1701-1800)$920899
=648  \0$1http://www.wikidata.org/entity/Q6955$a19th Century (1801-1900)$920935
=650  \0$aInstrumental music$1http://www.wikidata.org/entity/Q639197$92106
=650  \0$aKeyboard music$1http://www.wikidata.org/entity/Q105715630$921412
=650  \0$aTheme and variations$1http://www.wikidata.org/entity/Q763324$92038
=856  \\$uhttps://imslp.org/wiki/Oeuvres_complettes_(Haydn%2C_Joseph)$3International Music Score Library Project
=942  \\$cSCO
=952  \\$00$10$2ddc$40$6KTS_1_000000000000000_C3_29_09K47B$70$8RAR$92662$aORPH$bORPH$cKTS1_C3$d2020-07-08$eKoopman$l0$oKTS1 C3.29 09K47b$p20145794b$r2021-01-12 00:00:00$w2021-01-12$ySCO
=999  \\$d2662

