=LDR  05649aam a2201105   4500
=001  2665
=008  230912q1786\\\\|||||g||\||||\00|\0\fre\d
=041  \\$afre
=059  \\$akbd
=245  \\$aMéthode$bou Recueil de connoissances élémentaires pour le fort-piano ou clavecin
=260  \\$aParis$bLe Duc$c17xx
=300  \\$a12-75 pages
=500  \\$aFrancesco Pasquale Ricci (1732-1817), was an Italian composer and violinist. He co-authored this piano method with Johann Christian Bach ("Method or Collection of Elementary Studies for the Forte-piano or Harpsichord", 1786), Ricci providing the text and Bach the pieces.
=648  \0$1http://www.wikidata.org/entity/Q7015$a18th Century (1701-1800)$920899
=650  \0$aMethod$1http://www.wikidata.org/entity/Q2250960$921402
=650  \0$aPiano$1http://www.wikidata.org/entity/Q5994$92127
=650  \0$aHarpsichord$1http://www.wikidata.org/entity/Q81982$92125
=650  \0$aMusic education$1http://www.wikidata.org/entity/Q27908$921766
=651  \0$aFrance$1http://www.wikidata.org/entity/Q142$9131
=653  \0$aacciaccatura$37, 9$020145793$w09K50a$928450
=653  \0$aacciaccatura$345$020145793$w09K50b$928450
=653  \0$aallemande$38$020145793$w09K50a$928608
=653  \0$aallemande$312$020145793$w09K50b$928608
=653  \0$aalternatimpraxis$39$020145793$w09K50a$928628
=653  \0$aarpeggio$37, 9$020145793$w09K50a$928797
=653  \0$aarpeggio$330, 45$020145793$w09K50b$928797
=653  \0$aartikulatie$34, 6, 11$020145793$w09K50a$928817
=653  \0$aartikulatie$37$020145793$w09K50b$928817
=653  \0$aboekprijs$3tp$020145793$w09K50a$929701
=653  \0$acadens$36$020145793$w09K50a$930106
=653  \0$acadens$37, 28, 29, 36$020145793$w09K50b$930106
=653  \0$acapriccio$39$020145793$w09K50a$930224
=653  \0$amuziekautomaten$3tp$020145793$w09K50a$935067
=653  \0$anotatieproblemen$318, 29, 30, 31, 67-75$020145793$w09K50b$935285
=653  \0$aorgel - klavecimbel: één speler$311$020145793$w09K50a$935466
=653  \0$acrescendo / decrescendo$38$020145793$w09K50a$930844
=653  \0$acrescendo / decrescendo$39, 11$020145793$w09K50b$930844
=653  \0$aorgelregistratie$38$020145793$w09K50a$935575
=653  \0$adiminuties$39, 10$020145793$w09K50a$931087
=653  \0$adiminuties$317, 28, 29, 36$020145793$w09K50b$931087
=653  \0$adouble$39$020145793$w09K50a$931169
=653  \0$adubbelslag$321$020145793$w09K50b$931248
=653  \0$adynamiek$37, 8, 9$020145793$w09K50a$931346
=653  \0$adynamiek$35, 6, 9, 10, 11, 12, 29$020145793$w09K50b$931346
=653  \0$aechoeffekt$38$020145793$w09K50a$931377
=653  \0$aechoeffekt$329, 30, 31$020145793$w09K50b$931377
=653  \0$aport de voix$35$020145793$w09K50a$936088
=653  \0$aport de voix$36, 17$020145793$w09K50b$936088
=653  \0$aportamento$33$020145793$w09K50a$936099
=653  \0$aportamento$327$020145793$w09K50b$936099
=653  \0$apreludium$317$020145793$w09K50b$936148
=653  \0$afermate$36$020145793$w09K50a$931664
=653  \0$afermate$36, 7, 8, 11$020145793$w09K50b$931664
=653  \0$asotto voce$37$020145793$w09K50a$936384
=653  \0$asotto voce$332$020145793$w09K50b$936384
=653  \0$atemperatuur$312$020145793$w09K50a$936807
=653  \0$atempo$32, 3, 4, 8, 9$020145793$w09K50a$936814
=653  \0$atempo$312$020145793$w09K50b$936814
=653  \0$agigue$38$020145793$w09K50a$932187
=653  \0$atoccata$39$020145793$w09K50a$936961
=653  \0$atoccata$327$020145793$w09K50b$936961
=653  \0$agoût$310$020145793$w09K50a$932303
=653  \0$atransponeren$310$020145793$w09K50a$937072
=653  \0$atrillers etc.$36, 7, 11$020145793$w09K50a$937146
=653  \0$atrillers etc.$38, 9, 11, 37$020145793$w09K50b$937146
=653  \0$ahandhouding$311$020145793$w09K50a$932548
=653  \0$avingerzetting$36$020145793$w09K50a$937568
=653  \0$avingerzetting$311$020145793$w09K50a$937568
=653  \0$avingerzetting$338, 48$020145793$w09K50b$937568
=653  \0$ainterpretatie$310, 11$020145793$w09K50a$933100
=653  \0$avrijheid in maat$36$020145793$w09K50a$937806
=653  \0$aricercare$39$020145793$w09K50a$938423
=653  \0$aritenuto$34$020145793$w09K50a$938470
=653  \0$alengte van appoggiatura$35$020145793$w09K50a$934038
=653  \0$alengte van appoggiatura$36, 17$020145793$w09K50b$934038
=653  \0$alengte van cadens$36$020145793$w09K50a$934039
=653  \0$asiciliano$38$020145793$w09K50a$939098
=653  \0$amenuet$38$020145793$w09K50a$934673
=653  \\$aduim op boventoets$311$931271$020145793$w09K50a
=653  \\$amenuet da capo$36$934674$020145793$w09K50a
=653  \\$aoktaveren$311$935354$020145793$w09K50a
=653  \\$apiano organisé$3tp$935938$020145793$w09K50a
=653  \\$apifa$38$935975$020145793$w09K50a
=653  \\$asforzato$38$939085$020145793$w09K50a
=653  \\$asforzato$330$939085$020145793$w09K50b
=653  \\$atriller + naslag$37$937112$020145793$w09K50a
=653  \\$atrillo radoppiato$37$937164$020145793$w09K50a
=653  \\$atrillo radoppiato$339$937164$020145793$w09K50b
=700  \\$1http://www.wikidata.org/entity/Q106641$4cmp$aBach, Johann Christian$d1735-1782$914631
=700  \\$4aut$aRicci, Francesco Pasquale$96978
=856  \\$uhttps://www.loc.gov/item/08037419/$3Library of Congress
=856  \\$uhttps://www.loc.gov/item/08037419/manifest.json$3IIIF manifest
=942  \\$cBOO
=952  \\$00$10$2ddc$40$6KTS_1_000000000000000_C3_29_09K50$70$8RAR$92665$aORPH$bORPH$cKTS1_C3$d2020-07-08$eKoopman$l0$oKTS1 C3.29 09K50$p20145793$r2021-01-12 00:00:00$w2021-01-12$ySCO
=999  \\$d2665

