=LDR  02610acm a2200301   4500
=001  2666
=008  230912s1829\\\\|||||le|\||||\00|\0\ger\d
=041  \\$ager
=059  \\$aorch tbn
=100  \\$aMozart, Wolfgang Amadeus$d1756-1791$4cmp$1http://www.wikidata.org/entity/Q254$95341
=240  \\$aKV 620
=245  \\$aPartitur der W. A. Mozart'schen Ouverture zu seiner Oper Die Zauberflöte
=260  \\$aOffenbach am Main$bAndré$c1829
=300  \\$a28-2 pages
=500  \\$aTwo-color print, very rare kind of Urtext print from 1829
=500  \\$aTranslation from the parts of the introduction: "Mozart wrote the Overture to the Magic Flute very precisely, like all his manuscripts, but in such a way that he changed several passages, which is otherwise rarely found in his work, partly in the first draft of the score and partly in the subsequent orchestration of this score. Since, by chance, this instrumentation was written at the same time in a much lighter ink, so that these two types of writing are strikingly different from each other, this manuscript also provides us with the evidence: how Mozart drafted this overture, how he changed it during the first writing of the draft score, how he then orchestrated it and changed it again, and how he finally concluded this work. (...) I have now printed everything that Mozart first wrote down, and changed here and there during his writing, in black ink, but all subsequent work has been printed in red ink, and in general everything has been reproduced most exactly according to the original manuscript. The 3 trombones, which Mozart noted on an extra sheet, are also printed here in the same way."
=561  \\$aEx libris Otto Jahn (O.J.) "Inter Folia Fructus" (plate)
=590  \\$ain genauer Übereinstimming mit dem Manuscript des Komponisten, so wie er solches entworfen, instrumentirt und beendet hat
=648  \0$1http://www.wikidata.org/entity/Q6955$a19th Century (1801-1900)$920935
=650  \0$aOverture$1http://www.wikidata.org/entity/Q202287$921591
=650  \0$aOpera$1http://www.wikidata.org/entity/Q1344 $92468
=650  \0$aUrtext edition$1http://www.wikidata.org/entity/Q2564985$923763
=650  \0$aTrombone$1http://www.wikidata.org/entity/Q8350$921860
=651  \0$1http://www.wikidata.org/entity/Q183$aGermany$9155
=700  1\$1http://www.wikidata.org/entity/Q213931$4win$aAndré, Johann Anton$d1775-1842$926490
=942  \\$cSCO
=952  \\$00$10$2ddc$40$6KTS_1_000000000000000_C3_29_09K51$70$8RAR$92666$aORPH$bORPH$cKTS1_C3$d2020-07-08$eKoopman$l0$oKTS1 C3.29 09K51$p20145792$r2021-01-12 00:00:00$w2021-01-12$ySCO
=999  \\$d2666

