=LDR  01966acm a2200265   4500
=001  2669
=008  221006s1813\\\\|||||l||\||||\00|\0\ger\d
=041  \\$ager
=059  \\$aorg
=100  \\$aKittel, Johann Christian$d1732-1809$4cmp$1http://www.wikidata.org/entity/Q445696$94879
=245  \\$aXXIV Leichte Choral-Vorspiele für die Orgel
=260  \\$aBonn$aCologne$bSimrock$c1813
=300  \\$a15 pages$bno cover
=500  \\$ais 1813 the year of publication or the plate number? or both?
=500  \\$aJohann Christian Kittel was the last student of Johann Sebastian Bach (and one of his favorites).
"Die Bedeutung Johann Christian Kittels ist vor allem in der Pflege und Weitergabe der Tradition von Bach und seiner Werke zu sehen, zumal er auch als dessen „letzter Schüler“ gilt. Hierbei legte er besonderen Wert auf die musikalische Gestaltung des Gottesdienstes und die Rolle des Orgelspiels. Seinen musikalischen Ehrgeiz verwandte er vor allem auf die Ausarbeitung spielbarer Orgelmusik. In diesem Zusammenhang entstand auch ein dreibändiges Lehrbuch des Orgelspiels, das seinerzeit zu den herausragendsten Werken dieser Art zählte."
https://de.wikipedia.org/wiki/Johann_Christian_Kittel

=561  \\$ablue paper label glued on bottom of titlepage: "Zu haben in August Cranz Musikhandlung in der grossen Reichenstrasse in Hamburg"
=590  \\$aAus dem Nachlasse des Verfassers
=648  \0$a19th Century (1801-1900)$1http://www.wikidata.org/entity/Q6955$920935
=650  \0$aOrgan music$1http://www.wikidata.org/entity/Q2003283$91951
=650  \0$aChorale$1http://www.wikidata.org/entity/Q724473$921334
=650  \0$aPrelude$1http://www.wikidata.org/entity/Q212148$921947
=651  \0$aGermany$1http://www.wikidata.org/entity/Q183$9155
=942  \\$cSCO
=952  \\$00$10$2ddc$40$6KTS_1_000000000000000_C3_29_09K53$70$8RAR$92669$aORPH$bORPH$cKTS1_C3$d2020-07-08$eKoopman$l0$oKTS1 C3.29 09K53$p20145798$r2021-01-12 00:00:00$w2021-01-12$ySCO
=999  \\$d2669

