=LDR  01854    a2200349   4500
=001  2675
=008  230913s1817\\\\|||||l||\||||\00|\0\ger\d
=041  \\$ager
=059  \\$aorg
=100  \\$aWerner, Johann Gottlob$d1777-1822$4aut$1http://www.wikidata.org/entity/Q20003620$96837
=245  \\$aVierzig Orgelstücke für angehende und ungeübte Orgelspieler, nebst Bemerkungen über Orgelregister, Applicatur etc. $bIn 2 Abtheilungen
=260  \\$aLeipzig$bKühnel$cc. 1817
=300  \\$a2 vols. in 1 (18-15 pages)$b2 paper volumes oversewn, heavily used with stains and notes$coblong
=500  \\$aPrinted by Peters in c. 1817 from plates by Kühnel from 1806 and 1812
=500  \\$aPlate nrs. 486 and 972
=648  \0$1http://www.wikidata.org/entity/Q6955$a19th Century (1801-1900)$920935
=650  \0$aMethod$1http://www.wikidata.org/entity/Q2250960$921402
=650  \0$aOrgan music$1http://www.wikidata.org/entity/Q2003283$91951
=650  \0$aOrgan registration$1http://www.wikidata.org/entity/Q7309439$923402
=650  \0$aFingering$1http://www.wikidata.org/entity/Q608487$921861
=651  \0$1http://www.wikidata.org/entity/Q183$aGermany$9155
=653  \0$aarpeggio op orgel$33, 15$020145805$w09K59b$928800
=653  \0$aboekprijs$3tp$020145805$w09K59a$929701
=653  \0$aboekprijs$3tp$020145805$w09K59b$929701
=653  \0$aorgelregistratie$32, 3, 4-$020145805$w09K59a$935575
=653  \0$aorgelregistratie$32-$020145805$w09K59b$935575
=653  \0$avingerzetting$31$020145805$w09K59a$937568
=653  \0$alegato$32$020145805$w09K59a$933986
=653  \\$apedaalapplikatuur$31, 8, 9, 12, 16, 18$935819$020145805$w09K59a
=942  \\$cBOO
=952  \\$00$10$2ddc$40$6KTS_1_000000000000000_C3_29_09K59$70$8RAR$92675$aORPH$bORPH$cKTS1_C3$d2020-07-08$eKoopman$l0$oKTS1 C3.29 09K59$p20145805$r2021-01-12 00:00:00$w2021-01-12$ySCO
=999  \\$d2675

