=LDR  02474    a2200373   4500
=001  2678
=008  210325q1819\\\\\\\||a|||||||\00|\0\ita\d
=041  \\$aita
=059  \\$a2ob 2cl 2hrn 2tpt bsn 2vn vla basso
=100  \\$aPortugal, Marcos António da Fonseca$d1762-1830$4cmp$96999
=245  \\$aScena ed aria 'Per queste amare lagrime'
=260  \\$aMilan$bRicordi$cc. 1810-19
=300  \\$a50 pages$bengraved titlepage that has been colored
=500  \\$aManuscript copy of a full score sold (or rented) by Giovanni Ricordi, who added a colored engraving as frontispiece
=500  \\$aAria from the repertoire of the soprano Angelica Catalani
=501  \\$aBound in with the printed program of a 'Musikalisch-declamatorische Akademie im Saale des rothen Hauses', Frankfurt, organized by Ida Henriette Weidner, 8 March 1819, on which this aria does not feature, but on which were performed compositions by Vogel, Nasolini, Cherubini, Mozart ("Aria mit obligater Clarinett," i.e., "Non più de' fiori" from 'La Clemenza di Tito', by 'Demois. Lange') and poems recited by Kind, Collin, Rosegarten, Schiller, Bürger, Grumbach, Langbein, Baumbach and Körner
=533  \\$aDigitized by iGuana, Spring 2022
=534  \\$aPortugal's 'La Morte di Mitridate' premiered in Lisbon, 1806
=648  \0$a19th Century (1801-1900)$1http://www.wikidata.org/entity/Q6955$920935
=650  \0$aOpera$1http://www.wikidata.org/entity/Q1344$92468
=650  \0$aRecitative$1http://www.wikidata.org/entity/Q202534$93699
=650  \0$aAria$1http://www.wikidata.org/entity/Q178122$921592
=650  \0$aConcert$1http://www.wikidata.org/entity/Q182832$921044
=651  \0$aFrankfurt am Main (Germany)$1http://www.wikidata.org/entity/Q1794$921575
=653  \0$aentréeprijs$3programma$020136167$w09K62$931492
=653  \0$aHaydn, J. $3afb$020136167$w09K62$932640
=653  \\$aLange$3programma$933889$020136167$w09K62
=653  \\$aWeidner, fam.$3wb$937898$020136167$w09K62
=700  \\$4lbt$aSografi, Antonio Simeone$d1759-1818$96580
=856  \\$uhttps://uv-v4.netlify.app/#?manifest=https://sharedcanvas.be/IIIF/manifests/68a5cb56-4a3f-11ed-bca1-f20df45eca06$3IIIF
=856  \\$uhttps://sharedcanvas.be/IIIF/manifests/68a5cb56-4a3f-11ed-bca1-f20df45eca06$3IIIF manifest
=942  \\$cMS
=952  \\$00$10$2ddc$40$6KTS_1_000000000000000_C3_29_09K62$70$8RAR$92678$aORPH$bORPH$cKTS1_C3$d2020-07-08$eKoopman$oKTS1 C3.29 09K62$p20136167$r2021-01-12 00:00:00$w2021-01-12$yMS
=999  \\$d2678

