=LDR  01511acm a2200265   4500
=001  2694
=008  210323s1715\\\\\\\||l||\||||\00|\0\fre\d
=041  \\$afre
=059  \\$av bc
=100  \\$aClérambault, Louis-Nicolas$d1676-1749$4cmp$1http://www.wikidata.org/entity/Q470149$97049
=245  \\$aAbraham.$bCantate à voix seule
=260  \\$aParis$bClérambault$bFoucault$c1715
=300  \\$a[ii]-11-[i] pages
=500  \\$aTitle page has signature by Clérambault père
=501  \\$aBound in with 'Cantates Françoises Livre III', ‘La Muse de l’Opera’, and ‘Le Bouclier de Minerve’
=561  \\$aEx libris Alfred Cortot (bookplate), Alexandre Guilmant (ms. on title page of 'Cantates Françoises Livre III'), and Mad. de Berny (supralibros in gilt lettering)
=590  \\$aDediée a Madame de Maintenon Par Mr. Clerambault Organiste de la Maison Royale de St. Louis a Saint Cir, et de l'eglise paroissiale de St Sulpice
=648  \0$a18th Century (1701-1800)$1http://www.wikidata.org/entity/Q7015$920899
=650  \0$aCantata$1http://www.wikidata.org/entity/Q174873$921603
=650  \0$aOld Testament$1http://www.wikidata.org/entity/Q19786$923499
=651  \0$aFrance$1http://www.wikidata.org/entity/Q142$9131
=856  \\$uhttps://gallica.bnf.fr/ark:/12148/btv1b9010125r$3Gallica
=942  \\$cSCO
=952  \\$00$10$2ddc$40$6KTS_1_000000000000000_C3_11_09L07D$70$8RAR$92694$aORPH$bORPH$cKTS1_C3$d2020-07-08$eKoopman$l0$oKTS1 C3.11 09L07d$p20145300d$r2021-01-12 00:00:00$w2021-01-12$ySCO
=999  \\$d2694

