=LDR  01532acm a2200253   4500
=001  2700
=008  230515b\\\\\\\\|||||le|\||||\00|\0\eng\d
=041  \\$aeng
=059  \\$ahpd
=100  \\$aSirmen, Maddalena Laura$d1745-1818$4cmp$1http://www.wikidata.org/entity/Q454061$99173
=245  \\$aSix Concertos for the Harpsichord or Piano Forte$bAdapted for the Harpsichord by Sigr. Giordani
=260  \\$aLondon$bNapier$c1789
=300  \\$a51 pages
=500  \\$aOriginally published in 1773
=500  \\$aMaddalena Laura Syrmen (also Sirmen, 1745-1818), born Maddalena Laura Lombardini. She was an italian violinist and singer. She studied with Tartini and married violinist Ludovico Sirmen. Together they toured in Europe, with considerable success. 
=500  \\$aProbably violin concertos that Giordani has arranged for the harpsichord or piano forte. This is only the keyboard part. 
=648  \0$1http://www.wikidata.org/entity/Q7015$a18th Century (1701-1800)$920899
=650  \0$aInstrumental music$1http://www.wikidata.org/entity/Q639197$92106
=650  \0$aFemale$1http://www.wikidata.org/entity/Q6581072$921764
=700  \\$1http://www.wikidata.org/entity/Q718406$4arr$aGiordani, Tommaso$d1730/33?-1806$94959
=856  \\$uhttps://drive.google.com/drive/folders/16uJFuEwjBxhkRz6aM2FHFNd5bfL7bgg9$3Koopman Digital
=942  \\$cSCO
=952  \\$00$10$2ddc$40$6KTS_1_000000000000000_C3_11_09L10$70$8RAR$92700$aORPH$bORPH$cKTS1_C3$d2020-07-08$eKoopman$l0$oKTS1 C3.11 09L10$p20145306$r2021-01-12 00:00:00$w2021-01-12$ySCO
=999  \\$d2700

