=LDR  01778aam a2200301   4500
=001  2701
=008  230515r16411584||||||||\||||\00|\0\lat\d
=041  \\$alat
=100  \\$aTertullianus, Quintus Septimius Florens$dc. 155 - c. 240$4aut$97013
=100  \\$aCerda, Juan Luis de la$4aut$97014
=245  \\$aOpera
=250  \\$a2nd ed.
=260  \\$aParis$bDupuis$c1641
=300  \\$a[xvi]-860 pages$btitle page in red and black ink
=500  \\$aTertullian (c. 155-c.240) was an early Christian author from Carthage who's been called the 'father of Latin Christianity' and "the founder of Western theology"
=500  \\$aHe is perhaps most famous for being the first Latin writer to use the term trinity in reference to the Father, Son, and Holy Spirit
=501  \\$aBound in with Nicolas Rigaltius Rigault's 'Observationes et notæ ad libros Q. Sept. Flor. Tertulliani'
=534  \\$aOriginally published in 1584
=561  \\$aEx biblioteca Christiani De Backer (plate) & Residentiae S.J., Cortraci (Kortrijk) (plate)
=648  \0$1http://www.wikidata.org/entity/Q486761$aClassical Antiquity (8th Century BC-6th Century AD)$921435
=648  \0$1http://www.wikidata.org/entity/Q7016$a17th Century (1601-1700)$920923
=650  \0$aReligion$1http://www.wikidata.org/entity/Q9174$93062
=650  \0$aRhetoric$1http://www.wikidata.org/entity/Q81009$93894
=651  \0$1http://www.wikidata.org/entity/Q948$aTunisia$1http://dbpedia.org/resource/Tunisia$926187
=856  \\$uhttps://books.google.be/books?id=GyJUAAAAcAAJ&hl=nl&source=gbs_similarbooks$3Google Books
=942  \\$cBOO
=952  \\$00$10$2ddc$40$6KTS_1_000000000000000_C3_11_09L11A$70$8RAR$92701$aORPH$bORPH$cKTS1_C3$d2020-07-08$eKoopman$l0$oKTS1 C3.11 09L11a$p20145305a$r2021-01-12 00:00:00$w2021-01-12$yBOO
=999  \\$d2701

