=LDR  00972aam a2200217   4500
=001  2702
=008  230515s1641\\\\||||||||\||||\00|\0\lat\d
=041  \\$alat
=100  1\$aRigault, Nicolas$d1577-1654$4aut$1http://www.wikidata.org/entity/Q533639$97015
=245  \\$aObservationes et notæ ad libros Q. Sept. Flor. Tertulliani
=260  \\$aParis$bDupuis$c1641
=300  \\$a130-[79] pages
=500  \\$aNicolas Rigault (1577-1654) was a French classical scholar
=501  \\$aBound in with Tertullianus' 'Opera'
=504  \\$aContains index
=648  \0$1http://www.wikidata.org/entity/Q7016$a17th Century (1601-1700)$920923
=650  \0$aReligion$1http://www.wikidata.org/entity/Q9174$93062
=651  \0$1http://www.wikidata.org/entity/Q90$aParis (France)$9160
=942  \\$cBOO
=952  \\$00$10$2ddc$40$6KTS_1_000000000000000_C3_11_09L11B$70$8RAR$92702$aORPH$bORPH$cKTS1_C3$d2020-07-08$eKoopman$l0$oKTS1 C3.11 09L11b$p20145305b$r2021-01-12 00:00:00$w2021-01-12$yBOO
=999  \\$d2702

