=LDR  01969acm a2200301   4500
=001  2705
=005  20250923161049.0
=008  220710b\\\\\\\\|||g|l||\||||\00|\0\ita\d
=041  \\$aita
=059  \\$avn bc
=100  \\$aTartini, Giuseppe$d1692-1770$4cmp$1http://www.wikidata.org/entity/Q108555$95536
=245  \\$aL'Arte dell'arco$bo siano Cinquanta variazioni per violino, e sempre collo stesso basso
=260  \\$aNaples$bMarescalchi$cs.d.
=300  \\$a12 pages$bin a later paper cover
=500  \\$a50 violin variations on a theme by Corelli, actually a set of violin etudes. 
=500  \\$aTartini was a violinist, violin teacher, composer and music theorist.
=534  \\$aComposed 1747-58
=590  \\$aComposte dal Sigr. Giuseppe Tartini sopra alla più bella gavotta del Corelli Opera V in Napoli Appresso Luigi Marescalchi Editore Privilegiato con privativa da S.M (D.G.) Si vendono nelle librerie di Antonio Hermil vicino alla Concezione di Toledo, da Giuseppe Maria Porcelli a S. Biagio de' Librari, e per tutte le Città principali d'Europa, agli adrezzi ordinarj, dove si vende la Musica Stampata
=648  \0$a18th Century (1701-1800)$1http://www.wikidata.org/entity/Q7015$920899
=650  \0$aTheme and variations$1http://www.wikidata.org/entity/Q763324$92038
=650  \0$aViolin$1http://www.wikidata.org/entity/Q8355$92783
=651  \0$aItaly$1http://www.wikidata.org/entity/Q38$922
=700  \\$1http://www.wikidata.org/entity/Q164475$4cmp$aCorelli, Arcangelo$d1653-1713$eComposer of original Gavotta$95351
=856  \\$uhttps://s9.imslp.org/files/imglnks/usimg/f/fb/IMSLP03790-Violin_etudes_Tartini_G_(El_Arte_del_Arco-old_book-)-1554-.pdf$3International Music Score Library Project
=942  \\$cSCO
=952  \\$00$10$2ddc$40$6KTS_1_000000000000000_C3_11_09L14$70$8RAR$92705$aORPH$bORPH$cKTS1_C3$d2020-07-08$eKoopman$oKTS1 C3.11 09L14$p20145307$r2021-01-12 00:00:00$w2021-01-12$ySCO
=999  \\$d2705
=533  \\$aDigitized by iGuana, Spring 2025.

