=LDR  02949acm a2200373   4500
=001  2706
=003  OI
=005  20250121142107.0
=008  210224s1787\\\\be\||l||\||||\00|\0\fre\d
=040  \\$aOI
=041  \\$afre
=059  \\$avv orch
=100  \\$aSacchini, Antonio$d1730-1786$4cmp$1http://www.wikidata.org/entity/Q366727$94759
=245  \\$aŒdipe a Colone. $bOpéra en trois actes
=260  \\$aParis$bImbault$c1787
=300  \\$a235 pages
=500  \\$aAntonio Sacchini was a prolific opera composer who worked in Italy, London and Paris, where he became a favorite of Queen Marie Antoinette. 
=500  \\$aImbault plate number 100, Imbault signature on title page
=520  \\$aThe premiere of Œdipe a Colone, intended to inaugurate the new theatre at Versailles, was not a success, possibly due to the quality of the performances, the staging or the acoustics. Queen Marie Antoinette promised Sacchini a better production at Fontainebleau in the autumn, but the "Affair of the Diamond Necklace" meant she was unable to have her wish. The news that the production was cancelled is said to have hastened the death of the already seriously ill composer on October 9, 1786. Œdipe was given a posthumous performance by the Paris Opera at the Théâtre de la Porte Saint-Martin on February 1, 1787. This time the audience was warmly appreciative and the opera became one of the most popular pieces in the repertoire for several decades, reaching a total of almost 600 performances by 1844.
=534  \\$cPremiered in 1786
=561  \\$aEx libris Mlle Eugenie de Fontenelle (gilt lettering on cover); 'A l'enfant Jesus Rue St. Honoré au coin de celle des Prouvaries. DES LAURIERS Tient Magasin de Papiers et Fournit le Bureaux. A Paris.' (plate)
=563  \\$aGreen leather binding, with title and owner's name on cut-outs of red leather with gilt embossed lettering 
=590  \\$aReprésenté, pour la premiere fois, devant leurs Majestés à Versailles le 4. Janvier 1786. et par l'Academie Royale de Musique le 1er Fevrier 1787.
=648  \0$a18th Century (1701-1800)$1http://www.wikidata.org/entity/Q7015$920899
=650  \0$aOpera$1http://www.wikidata.org/entity/Q1344$92468
=650  \0$aMythology$1http://www.wikidata.org/entity/Q9134$921600
=651  \0$1http://www.wikidata.org/entity/Q90$aParis (France)$9160
=651  \0$aVersailles (France)$1http://www.wikidata.org/entity/Q621$920957
=651  \0$aFontainebleau (France)$1http://www.wikidata.org/entity/Q182872$920955
=700  \\$4lbt$aGuillard, Nicolas François$d1752-1814$1http://www.wikidata.org/entity/Q3339962$94760
=856  \\$uhttps://imslp.org/wiki/Oedipe_%C3%A0_Colone_(Sacchini%2C_Antonio)$3International Music Score Library Project
=942  \\$cSCO
=952  \\$00$10$2ddc$40$6KTS_1_000000000000000_C3_11_09L15$70$8RAR$92706$aORPH$bORPH$cKTS1_C3$d2020-07-08$eKoopman$l0$oKTS1 C3.11 09L15$p20145308$r2021-01-12 00:00:00$w2021-01-12$ySCO
=999  \\$d2706

