=LDR  02324acm a2200325   4500
=001  2707
=008  210903s1692\\\\\\\||h||\||||\00|\0\lat\d
=041  \\$alat
=059  \\$av
=100  \\$avan Heylen, Gonzales$d1661-1720$1http://www.biografischportaal.nl/persoon/34545858$4egr$927163
=245  \\$aAntiphonale Romanum
=260  \\$aAntwerp$bVerdussen$c1692
=300  \\$a[vi]-580-[ii]-ccxcvii-[ii] pages$bprinted in red and black throughout
=500  \\$aSee 15F05, 16D19b and 16H09 for other Antwerp choirbooks. 
=500  \\$aOther copies of this work are held at the Aartsbisschoppelijk Archief Mechelen (https://anet.be/record/stcvopac/c:stcv:6879479/N) and the KB of the Netherlands.
=500  \\$aEmblem on the title page depicting a stork feeding its young, with the motto: Signum Amoris. 
=500  \\$aThe first page(s) of the introduction is (are) missing.
=500  \\$aThe first part (580 pages) is the 'Proprium de tempore', the second part (297 pages) the 'Commune Sanctorum'. Both are printed in red and black with embellished initials.
=561  \\$a"Titulo Emptionis me jure possidet suis... annimerat Josephus Marcellus Sodermans Brimsradensis sive Heinsbergensis  Anno 1703" (manuscript on title page; see also last page, below the privilege).
=563  \\$aLarge, restored leather binding, metal clasps missing, 
=590  \\$ajuxta breviarum ex decreto sacro-sancti Concilii Tridentini restitutum, a Clemente VIII Pont. Max. nuper recognitum. Ecclesiis tam urbium quam Pagorum concinnatum. Editio Novissima: Cui accesserunt Officia quaedam, & Index locupletissimus, in Tornacensi obmissa, quorum series sequenti Pagella designatur.
=648  \0$a17th Century (1601-1700)$1http://www.wikidata.org/entity/Q7016$920923
=650  \0$aAntiphonary$1http://www.wikidata.org/entity/Q1385360$921617
=650  \0$aCatholicism$1http://www.wikidata.org/entity/Q1841$921631
=650  \0$aLiturgy$1http://www.wikidata.org/entity/Q172331$92284
=651  \0$aAntwerp (Belgium)$1http://www.wikidata.org/entity/Q12892$920974
=856  \\$uhttps://books.google.be/books?id=EEebGwAACAAJ$3Google Books
=942  \\$cSCO
=952  \\$00$10$2ddc$40$6KTS_1_000000000000000_C3_11_09L16$70$8RAR$92707$aORPH$bORPH$cKTS1_C3$d2020-07-08$eKoopman$oKTS1 C3.11 09L16$p20145309$r2021-01-12 00:00:00$w2021-01-12$ySCO
=999  \\$d2707

