=LDR  02936acm a2200301   4500
=001  2708
=008  210518b\\\\\\\\\\\||l||\||||\00|\0\fre\d
=024  \\$2Plate numbers$aV.D. et D. 435
=041  \\$afre
=059  \\$ahp
=100  \\$aBochsa, Nicholas-Charles$d1789-1856$4aut$1http://www.wikidata.org/entity/Q251397$97017
=245  \\$aNouvelle méthode de harpe, en deux Parties
=260  \\$aParis$bDufaut$bDubois$cc. 1860
=300  \\$a[iii]-38-255 pages$bgreen leather back, red leather cut-out with owner's name in gilt lettering on front cover, contains a full page engraving of Bochsa with harp, and a fold out plate of a harp wth explanations
=500  \\$aNicolas-Charles Bochsa was a harpist and composer who worked mainly in Paris and London. He was became involved in a forgery in Paris and fled to London to escape prosecution. In 1839 he ran off with opera singer Anna Bishop, the wife of the composer Henry Bishop. Together they toured in North America and Europe. They also went to Australia, where Bochsa died after giving only one concert. Anna Bishop was heartbroken, and commissioned an elaborate tomb for him in Camperdown Cemetery Sydney. His 'Nouvelle méthode' is the first truly comprehensive treatise on harp-playing.
=500  \\$aThe binding matches 09L18 (containing harp music by Benigne Henry, Cousineau and Xavier Desarges) also from the collection of Mme De Villaines.
=561  \\$aEx libris Mademoiselle De Villaines (gilt lettering on front cover)
=590  \\$aLa 1re Contient tous les principes généraux du doigté et donne l'explication générale de la Harpe. La 2me est composée de Leçons progressives, Préludes, sonates, fugues et divers morceaux dans tous les genres et dans tous les mouvemens, Terminée par la maniere d'éxécuter sur la harpe, des passages propres au Piano, et d'accompag[n]er la partition. Dédiée à Son Excellence Monsieur le Comte De Montesquieu Fezensac Grand Chambellan de France, Président du Corps Législatif. Par N.CH. Bochsa Fils, Harpiste de la Musique particuliere de S.M. l'Empereur et Roi, et Membre de la Societé des Arts et de l'amitiée. Œuvre 60
=648  \0$1http://www.wikidata.org/entity/Q6955$a19th Century (1801-1900)$920935
=650  \0$aMethod$1http://www.wikidata.org/entity/Q2250960$921402
=650  \0$aHarp$1http://www.wikidata.org/entity/Q47369$93542
=650  \0$aFingering$1http://www.wikidata.org/entity/Q608487$921861
=650  \0$aInstrumental music$1http://www.wikidata.org/entity/Q639197$92106
=651  \0$aFrance$1http://www.wikidata.org/entity/Q142$9131
=856  \\$uhttps://imslp.org/wiki/Nouvelle_m%C3%A9thode_de_harpe%2C_Op.60_(Bochsa%2C_Nicholas_Charles)$3International Music Score Library Project
=942  \\$cSCO
=952  \\$00$10$2ddc$40$6KTS_1_000000000000000_C3_11_09L17$70$8RAR$92708$aORPH$bORPH$cKTS1_C3$d2020-07-08$eKoopman$l0$oKTS1 C3.11 09L17$p20145310$r2021-01-12 00:00:00$w2021-01-12$ySCO
=999  \\$d2708

