=LDR  01682acm a2200277   4500
=001  2711
=008  230516b\\\\\\\\|||||l||\||||\00|\0\fre\d
=041  \\$afre
=059  \\$ahp
=100  \\$aDesargus, François-Xavier$4cmp$1http://www.wikidata.org/entity/Q55903333$97020
=245  \\$aVingt quatre études pour la harpe. $bSur les Folies d'Espagne. Op. 6
=260  \\$aParis$bDufaut$bDubois$c18xx
=300  \\$a21 pages$bbound with other works for harp, green leather back, red label with gilt lettering on front cover.
=500  \\$aPlate number 87
=501  \\$aBound in with two other harp variation works: Benigne Henry, 'Fantaisie sur l’Air de la Biondina varié pour la Harpe', and Cousineau, 'Variations sur l’Air des Mysteres d’Isis'.

=561  \\$aEx libris Mademoiselle De Villaines (cover) (see also 09L17)
=590  \\$aPour exercer les deux Mains de toutes les Manieres possibles. Composées et dédiés à Mademoiselle Leigonyer Son Elève, Par Xavier Desargus, Professeur. 
=648  \0$1http://www.wikidata.org/entity/Q6955$a19th Century (1801-1900)$920935
=650  \0$aInstrumental music$1http://www.wikidata.org/entity/Q639197$92106
=650  \0$aHarp$1http://www.wikidata.org/entity/Q47369$93542
=650  \0$aTheme and variations$1http://www.wikidata.org/entity/Q763324$92038
=650  \0$aFolia$1http://www.wikidata.org/entity/Q1164087$92981
=856  \\$uhttps://archive.org/details/vingtquatreetude01dsar/mode/2up$3Internet Archive
=942  \\$cSCO
=952  \\$00$10$2ddc$40$6KTS_1_000000000000000_C3_11_09L18C$70$8RAR$92711$aORPH$bORPH$cKTS1_C3$d2020-07-08$eKoopman$l0$oKTS1 C3.11 09L18c$p20145311c$r2021-01-12 00:00:00$w2021-01-12$ySCO
=999  \\$d2711

