=LDR  01345acm a2200241   4500
=001  2713
=008  230516b\\\\\\\\|||||l||\||||\00|\0\ita\d
=041  \\$aita$aeng
=059  \\$avn bc
=100  \\$aAlbinoni, Tomaso$d1671-1750$4cmp$1http://www.wikidata.org/entity/Q174606$914336
=245  \\$aTrattenimenti armonici per camera Divisi in dodici sonate a violino violine e cembalo $bOp. 6
=260  \\$aLondon$bWalsh$cs.d.
=300  \\$a67 pages$bbound in leather
=500  \\$aOriginally published in c. 1712 (Roger, Amsterdam) 
=500  \\$aThere seems to be an error in the title: 'violino violine e cembalo' should be 'violino violone e cembalo'.
=501  \\$aBound in with Mascitti's 'Solos for a Violin'
=590  \\$aAn Entertainment of Harmony Containing Twelve solos or sonatas for a violin with a through bass for the Harpsichord or Bass violin compos'd by Thomaso Albinoni Opera Sexta
=648  \0$1http://www.wikidata.org/entity/Q7015$a18th Century (1701-1800)$920899
=650  \0$aInstrumental music$1http://www.wikidata.org/entity/Q639197$92106
=650  \0$aChamber music$1http://www.wikidata.org/entity/Q189201$92105
=942  \\$cSCO
=952  \\$00$10$2ddc$40$6KTS_1_000000000000000_C3_11_09L20A$70$8RAR$92713$aORPH$bORPH$cKTS1_C3$d2020-07-08$eKoopman$l0$oKTS1 C3.11 09L20a$p20145314$r2021-01-12 00:00:00$w2021-01-12$ySCO
=999  \\$d2713

