=LDR  01568acm a2200253   4500
=001  2714
=008  230516b\\\\\\\\|||||l||\||||\00|\0\eng\d
=041  \\$aeng
=059  \\$avn bc
=100  \\$aMascitti, Michele$d1663/64-1760$4cmp$1http://www.wikidata.org/entity/Q580206$97021
=245  \\$aSolos for a Violin with a Thorough Bass for the Harpsichord or Bass Violin op. 2
=260  \\$aLondon$bWalsh$cs.d.
=300  \\$a50 pages
=500  \\$aThis edition contains Sonatas 1-12 of the (15) Sonate da camera opus 2 as published in Paris, 1706.
=500  \\$aMascitti published all of his 9 sets of violin sonatas in Paris, between 1704 and 1738.
=501  \\$aBound in with Albinoni's 'Trattenimenti armonici' (12 violin sonatas, also Walsh edition)
=534  \\$aOriginally published as Sonate da Camera a Violino Solo vol Violone o Cembalo$cParis: Foucaut, 1706$ohttps://imslp.org/wiki/15_Violin_Sonatas%2C_Op.2_(Mascitti%2C_Michele)
=648  \0$1http://www.wikidata.org/entity/Q7015$a18th Century (1701-1800)$920899
=650  \0$aInstrumental music$1http://www.wikidata.org/entity/Q639197$92106
=650  \0$aChamber music$1http://www.wikidata.org/entity/Q189201$92105
=856  \\$uhttps://s9.imslp.org/files/imglnks/usimg/c/c2/IMSLP850821-PMLP449968-mascitti_g.672.f.-2.-_Solos_for_a_Violin_with_a_Thorough_Bass_op2.pdf$3with a different titlepage
=942  \\$cSCO
=952  \\$00$10$2ddc$40$6KTS_1_000000000000000_C3_11_09L20B$70$8RAR$92714$aORPH$bORPH$cKTS1_C3$d2020-07-08$eKoopman$l0$oKTS1 C3.11 09L20b$p20145314b$r2021-01-12 00:00:00$w2021-01-12$ySCO
=999  \\$d2714

