=LDR  01788aam a2200253   4500
=001  2715
=008  230516s1624\\\\||||||||\||||\00|\0\dut\d
=041  \\$adut
=100  \\$aBaudaert, Willem$cBaudartius$4aut$1http://www.wikidata.org/entity/Q537015$97022
=245  \\$aMemoryen ofte Cort verhael der gedenck-weerdichste e so kercklicke als werltlicke gheschiedenissen van Nederland, Vranckrijck, Hooghduytschland, Groot Britannyen, Hispanyen, Italyen, Bohemen, Savoyen, Sevenburghen ende Turkyen, van den jaere 1603 tot in het jaer 1624
=250  \\$a2nd ed. 
=260  \\$aArnhem$bIansz$bIanssen$c1624-25
=300  \\$a2 vols in 1 ([xvi]-320-50-55-83-112-207-136-148 + 69-163-223-184-[xxiv]-134-[iv] pages)$bVery thick volume, bound in vellum, contains many portrait engravings
=500  \\$aBy a friend of Sweelinck's, containing "a lovely story about Sweelinck who, after a dinner is reluctantly persuaded to improvise at the virginal, does so beautifully, and in the end does not want to stop." (Koopman 2016, 675)
=500  \\$aContains some manuscript notes, for instance on the page before the last and in book 10 on page 78.
=500  \\$aVolume 1 consists of 11 books, Volume 2 contains books 12-16.
=500  \\$aWith portraits of many monarchs, princes, dukes, etc. 
=648  \0$1http://www.wikidata.org/entity/Q7016$a17th Century (1601-1700)$920923
=650  \0$aHistory$1http://www.wikidata.org/entity/Q309$921403
=650  \0$aHistoriography$1http://www.wikidata.org/entity/Q50675$921801
=856  \\$uhttps://books.google.be/books?id=ZXtTAAAAcAAJ$3Google Books
=942  \\$cBOO
=952  \\$00$10$2ddc$40$6KTS_1_000000000000000_C3_11_09L21$70$8RAR$92715$aORPH$bORPH$cKTS1_C3$d2020-07-08$eKoopman$l0$oKTS1 C3.11 09L21$p20145315$r2021-01-12 00:00:00$w2021-01-12$yBOO
=999  \\$d2715

