=LDR  02103aam a2200301   4500
=001  2723
=008  211118b\\\\\\\\\\\ag|||\||||\00|\0\ger\d
=041  \\$ager
=059  \\$avn
=100  \\$aSpohr, Louis$d1784-1859$4aut$1http://www.wikidata.org/entity/Q57226$96129
=245  \\$aViolinschule von Louis Spohr
=250  \\$a1st ed.
=260  \\$aVienna$bHaslinger$c1832c
=300  \\$a[ii]-250 pages$bleather back, striking (modern?) orange endpapers, portrait as frontispiece, contains 3 pages of illustrations (2 of them are not bound in the volume but loose)
=500  \\$aLouis (originally Ludewig) Spohr was a violinist and a prolific composer, highly regarded in his lifetime. Spohr invented the violin chinrest and the orchestral rehearsal mark. 
=500  \\$aSpohr's Violinschule is a standard work in violin instruction. The first part deals with practical matters like the instrument itself, strings, the bow, keeping the materials in good working order. The second part starts with playing open strings and continues in 66 etudes to an advanced level. All pieces are in duet form so the teacher can play along. The third part deals with musical performance in various settings (from accompaniment to playing solo in a concerto).
=500  \\$aplate nr T.H. 6050
=561  \\$aLabel 'Amsterdam, bij Theune et Comp' glued on bottom of titlepage. 
=590  \\$aMit erleuternden Kupfertafeln. Original-Ausgabe.
=648  \0$a19th Century (1801-1900)$1http://www.wikidata.org/entity/Q6955$920935
=650  \0$aMethod$1http://www.wikidata.org/entity/Q2250960$921402
=650  \0$aViolin$1http://www.wikidata.org/entity/Q8355$92783
=650  \0$aMusic education$1http://www.wikidata.org/entity/Q27908$921766
=651  \0$aGermany$1http://www.wikidata.org/entity/Q183$9155
=856  \\$uhttps://imslp.org/wiki/Violinschule_(Spohr%2C_Louis)$3International Music Score Library Project
=942  \\$cBOO
=952  \\$00$10$2ddc$40$6KTS_1_000000000000000_C3_12_09L23$70$8RAR$92723$aORPH$bORPH$cKTS1_C3$d2020-07-08$eKoopman$oKTS1 C3.12 09L23$p20145317$r2021-01-12 00:00:00$w2021-01-12$yBOO
=999  \\$d2723

