=LDR  20400aam a2203949   4500
=001  2724
=008  210817s1739\\\\|||g||||\||||\00|\0\ger\d
=041  \\$ager
=100  \\$aMattheson, Johann$d1681-1764$4aut$1http://www.wikidata.org/entity/Q170333$95222
=245  \\$aDer vollkommene Capellmeister
=250  \\$a1st ed.
=260  \\$aHamburg$bHerold$c1739
=300  \\$a484-20 pages
=500  \\$aCited in Koopman 1985, p. 21
=500  \\$aContains a torn part of a French letter from 1818; first two pages have been restored
=500  \\$aTitle page in red and black
=500  \\$aFor a facsimile of this edition, see TRE MATT
=561  \\$aEx libris Alessandro Kraus figlio, Firenze (stamp; compare with 01A06 and 08G04) and illegible (ms.). Alessandro Kraus jr. (1853-1931) was a musicologist, pianist and collector of exotic—particularly Japanese—instruments (which helped inspire Pietro Mascagni's 'Iris'). 
=563  \\$aRestored binding with leather back
=585  \\$aPart of the exhibition 'Händel in Naarden, uit de collectie van Ton Koopman', Oct-Nov 2025, Comenius Museum Naarden (NL).
=590  \\$aDas ist Gründliche Anzeige aller derjenigen Sachen, die einer wissen, können, und vollkommen inne haben muß, der einer Capelle mit Ehren und Nutzen vorstehen will: zum Versuch entworffen von Mattheson
=600  0\$aKraus, Alessandro$d1853-1931$1http://www.wikidata.org/entity/Q3610072$924689
=648  \0$a18th Century (1701-1800)$1http://www.wikidata.org/entity/Q7015$920899
=650  \0$aMusic theory$1http://www.wikidata.org/entity/Q193544$92662
=650  \0$aAbel$395$020145318$928420
=650  \0$aacciaccatura$3120$020145318$928450
=650  \0$aaccompagnato recitatief$3213$020145318$928456
=650  \0$aad lib. bezetting$391$020145318$928471
=650  \0$aademhalen$397, 98, 111, 205, 206$020145318$928491
=650  \0$aakoestiek$39-20, 460$020145318$928552
=650  \0$aalcohol$398, 208$020145318$928577
=650  \0$aallemande$3232$020145318$928608
=650  \0$aangloise$3229$020145318$928701
=650  \0$aappoggiatura$3112, 113, 114$020145318$928737
=650  \0$aaria$3212, 232$020145318$928766
=650  \0$aAriosti. A.$3345$020145318$928776
=650  \0$aarpeggio$3355, 356, 477$020145318$928797
=650  \0$aartikulatie$3111, 167$020145318$928817
=650  \0$aArtusi$3394$020145318$928829
=650  \0$aBach, J.S.$3215 (sic), 369, 393, 412, 413, 416, 441, 479$020145318$928929
=650  \0$aBach, J.S._als organist$3479$020145318$928935
=650  \0$aBan, J.A.$323, 170$020145318$929061
=650  \0$aBaron$3459$020145318$929093
=650  \0$aBartholinus$3458$020145318$929111
=650  \0$abasso continuo$316, 59, 221, 222, 297, 467, 471, 472, 482$020145318$929163
=650  \0$abogenvibrato$3114$020145318$929724
=650  \0$aBöhm, G.$3479$020145318$929726
=650  \0$aBonnet$322, 480$020145318$929751
=650  \0$aBononcini, fam$3155, 158, 159, 205, 394, 396, 409, 410$020145318$929758
=650  \0$aBononcini, G.M.$3155, 158, 159, 205, 394, 396, 409, 410$020145318$929760
=650  \0$aBontempi, J.A.$322$020145318$929768
=650  \0$abourrée$3208, 225, 226$020145318$929844
=650  \0$aBrockes$324$020145318$929949
=650  \0$aBrockes$3213$020145318$929949
=650  \0$abespeler van meer instrumenten$3482$020145318$929498
=650  \0$aBuxtehude, D.$389, 130$020145318$930084
=650  \0$aByrd, W.$3409$020145318$930089
=650  \0$aCaldara, A.$387$020145318$930130
=650  \0$aCampra, A.$3218$020145318$930173
=650  \0$acanon$3135, 207, 332, 333, 393-396, 396-414$020145318$930183
=650  \0$acantate$3214, 215$020145318$930188
=650  \0$acapella$3360, 361, 399, 401, 404, 405, 406, 467$020145318$930216
=650  \0$aCarissimi$324, 25$020145318$930243
=650  \0$acastraten$327, 95, 396, 482$020145318$930282
=650  \0$acembalo d'amour$322$020145318$930355
=650  \0$amuziek = $35-8$020145318$934994
=650  \0$amuziek en geneeskunde$314, 15$020145318$935001
=650  \0$amuziek en wiskunde$316-22, 27$020145318$935008
=650  \0$amuziek en wiskunde$342, 43-56$020145318$935008
=650  \0$amuziek in eredienst$38, 31, 32, 83, 223$020145318$935012
=650  \0$amuziekgeschiedenis$322, 23-27, 29$020145318$935073
=650  \0$aClérambault$3479$020145318$930545
=650  \0$amuziekwetenschap (prof.)_18e eeuw$328$020145318$935108
=650  \0$amuziekwetenschap (prof.)_18e eeuw$322, 23-27, 458$020145318$935108
=650  \0$aNeidthardt, J.G.$355, 352$020145318$935197
=650  \0$acomponeren$382, 106, 108, 109, 121-234, 234-240, 240-457, 483$020145318$930621
=650  \0$aNiedt, F.E.$3394, 463$020145318$935231
=650  \0$aCorelli, A.$391, 345$020145318$930736
=650  \0$aoratorium $3220-221, 240$020145318$935451
=650  \0$aorgel in eredienst$38, 208, 209, 471, 472-476, 478, 479$020145318$935479
=650  \0$aorgel in middeleeuwen$3459$020145318$935482
=650  \0$aorgel_Duitsland 18e eeuw$3457-460, 460-469, 471$020145318$935497
=650  \0$aCroft$328$020145318$930856
=650  \0$aorgelregistratie$3467, 468, 469, 471, 472, 475$020145318$935575
=650  \0$aorgelregistratie en bc$3467, 471$020145318$935577
=650  \0$ade la Barre$3218$020145318$930967
=650  \0$aoud-nieuw$3470$020145318$935651
=650  \0$aoude muziek vroeger$326, 74, 75, 76, 219, 222, 232, 244, 409, 458$020145318$935658
=650  \0$aouverture$3208, 234$020145318$935669
=650  \0$aPachelbel, J.$3476$020145318$935699
=650  \0$adiminuties$395, 111, 116, 117, 118, 119, 242$020145318$931087
=650  \0$adirigent$336, 173, 479-482$020145318$931092
=650  \0$aPasquini, B.$3479$020145318$935783
=650  \0$apassacaglia$3208, 233$020145318$935786
=650  \0$aDoni, J.B.$322, 33, 61, 64, 67, 78, 137$020145318$931147
=650  \0$adouble$3230, 232, 475$020145318$931169
=650  \0$aPenna, L.$3394$020145318$935844
=650  \0$aPepusch, C.$328$020145318$935847
=650  \0$adubbelslag$3116, 117$020145318$931248
=650  \0$aduits - italiaans - frans$336, 40, 110$020145318$931275
=650  \0$adwarsfluit$3139, 479$020145318$931340
=650  \0$adynamiek$397, 111$020145318$931346
=650  \0$apolonaise$3228$020145318$936057
=650  \0$aemoties$317, 19, 32, 36, 37, 39, 105, 108, 127, 130, 138, 139, 207, 473$020145318$931445
=650  \0$aentrée$3208, 227$020145318$931489
=650  \0$aPraetorius, M.$3458, 469$020145318$936131
=650  \0$afalset$395$020145318$931595
=650  \0$apsalterium$322$020145318$936252
=650  \0$apubliek$328$020145318$936257
=650  \0$apubliek$330, 130$020145318$936257
=650  \0$afermate$3408$020145318$931664
=650  \0$asolmisatie$326$020145318$936344
=650  \0$asolmisatie$352, 57, 173$020145318$936344
=650  \0$asotto voce$347$020145318$936384
=650  \0$asparen met toevoegen van trillers etc. $3115, 242$020145318$936389
=650  \0$aSteffani$3215, 225, 240, 345, 349$020145318$936524
=650  \0$astemmen van strijkinstrumenten$3483$020145318$936557
=650  \0$afrans - italiaans$3143$020145318$931871
=650  \0$aFranse invloed in Duitsland$3218$020145318$931878
=650  \0$aFrescobaldi$3479$020145318$931902
=650  \0$aFroberger, J.J.$389 (sic), 90, 130, 232$020145318$931933
=650  \0$afuga$3366-393, 415-457, 474, 475, 478$020145318$931941
=650  \0$aFux, J.J.$3256, 345, 349, 393$020145318$931956
=650  \0$aGafurio, F.$327$020145318$931968
=650  \0$aGafurio, F.$364, 65$020145318$931968
=650  \0$agamba$336, 470, 479$020145318$931995
=650  \0$aGasparini, F.$3167, 193, 335$020145318$932015
=650  \0$agavotte$3208, 225$020145318$932051
=650  \0$atekstuitspraak$3111$020145318$936786
=650  \0$aTelemann, G.P.$310$020145318$936796
=650  \0$aTelemann, G.P.$3155, 156, 225, 345, 393$020145318$936796
=650  \0$atemperatuur$351, 53-55, 465$020145318$936807
=650  \0$agesticuleren etc. $336, 37, 38, 39-41, 98, 99$020145318$932161
=650  \0$aGesualdo$379$020145318$932163
=650  \0$agigue$3208, 227, 228$020145318$932187
=650  \0$aTheile, J.$3277, 326, 361, 393$020145318$936891
=650  \0$atoccata$3477, 478$020145318$936961
=650  \0$agoût$336, 112, 137, 470$020145318$932303
=650  \0$agrand tour$3108$020145318$932327
=650  \0$atoucher$3466$020145318$937044
=650  \0$aGraupner, C.$3212, 225, 418, 477, 481$020145318$932348
=650  \0$aGreen, M.$328$020145318$932364
=650  \0$aGreen, M.$3479$020145318$932364
=650  \0$agregoriaans$373, 74$020145318$932368
=650  \0$atrillers etc. $3112-120, 242$020145318$937147
=650  \0$atrillo$3114$020145318$937161
=650  \0$aHammerschmidt$374, 75, 80$020145318$932529
=650  \0$atromba marina$310$020145318$937183
=650  \0$atrombone$384, 470$020145318$937186
=650  \0$aharmonie der sferen$36$020145318$932575
=650  \0$aharp$312, 13$020145318$932582
=650  \0$aharp$355, 355$020145318$932582
=650  \0$aHasse$336, 105, 128$020145318$932603
=650  \0$aversvoeten$3160-170, 197-200, 214$020145318$937502
=650  \0$aHerbst, A.$3244$020145318$932719
=650  \0$avibrato$3114$020145318$937531
=650  \0$ahoorn$353, 470$020145318$932928
=650  \0$ahornpipe$3229$020145318$932943
=650  \0$aVirdung, S.$365$020145318$937625
=650  \0$aVivaldi, A.$3205, 234$020145318$937660
=650  \0$aimprovisatie$388, 107, 472, 473, 474, 475, 476, 477, 478$020145318$933059
=650  \0$ainterpretatie vroeger - nu$3110-112, 173$020145318$933103
=650  \0$aVossius, G.J.$3160$020145318$937784
=650  \0$aItaliaanse invloed in Duitsland$3108$020145318$933141
=650  \0$avrijheid in maat$3146, 213, 214, 477$020145318$937806
=650  \0$avrijheid in recitatief$3146, 213, 214$020145318$937808
=650  \0$aWalther, J.G.$322, 67, 225, 247, 368, 393, 476, 479$020145318$937860
=650  \0$ajongenssopraan$394, 95, 207, 482$020145318$933241
=650  \0$aWerckmeister, A.$353, 55, 469$020145318$937929
=650  \0$aKeiser, R.$385, 219, 345$020145318$933338
=650  \0$awinddruk$3461, 162$020145318$937993
=650  \0$awoordaccent$3174-180, 198-200, 214$020145318$938051
=650  \0$aZacconi, L.$366, 394$020145318$938069
=650  \0$azang als voorbeeld$382, 109, 470$020145318$938078
=650  \0$aKircher, A.$392, 394$020145318$933414
=650  \0$azangeres in koor$3482$020145318$938091
=650  \0$azangles$396, 101$020145318$938106
=650  \0$aZarlino$364, 66, 394, 395$020145318$938113
=650  \0$aZelenka$3415$020145318$938121
=650  \0$azingen$394-99, 110-120, 205, 206, 207$020145318$938150
=650  \0$azink$3470$020145318$938157
=650  \0$azuiverheid$3111, 482, 483$020145318$938176
=650  \0$aRameau, J.P.$3133, 136, 144, 208, 273, 293, 320, 323, 331, 333, 334, 337, 479$020145318$938224
=650  \0$aRaupach, C.$323, 474-475, 476, 479$020145318$938258
=650  \0$arecitatief$323, 24, 25$020145318$938285
=650  \0$aregaal$3484$020145318$938302
=650  \0$aklokkenspel$322$020145318$933630
=650  \0$arepeteren$3483$020145318$938377
=650  \0$aretorica$316, 26$020145318$938388
=650  \0$akoor/orkestbezetting$3104, 216, 221, 360, 361, 467, 470, 480?, 482$020145318$933678
=650  \0$akoor/orkestopstelling$3484$020145318$933679
=650  \0$arigaudon$3208, 226$020145318$938449
=650  \0$akort oktaaf$3466, 471$020145318$933720
=650  \0$aKrieger, J.$3393, 442, 444$020145318$933761
=650  \0$aKuhnau, J.$3225, 232, 244, 393, 431-439$020145318$933783
=650  \0$arondeau$3230$020145318$938539
=650  \0$akwint/oktaafparallellen$3136, 258, 347$020145318$933824
=650  \0$aRossi, M.A.$390$020145318$938570
=650  \0$aLambert, M.$3230$020145318$933865
=650  \0$aLasso, O. di$374, 242$020145318$933915
=650  \0$asalaris$327, 32, 110, 480$020145318$938697
=650  \0$asarabande$3208, 230$020145318$938753
=650  \0$aSauveur$312$020145318$938774
=650  \0$aScheibe, J.A.$34, 27, 30, 31$020145318$938814
=650  \0$aScheibe, J.A.$3504$020145318$938814
=650  \0$aLotti, A.$3343$020145318$934227
=650  \0$aschleiffer$3117, 118$020145318$938873
=650  \0$aschleiffer op de slag$3118$020145318$938874
=650  \0$aluit$314, 36, 231, 459, 479$020145318$934262
=650  \0$aLully, J.B.$337, 86, 87, 114, 143, 218, 227, 242, 331, 345$020145318$934276
=650  \0$aLustig, W.$3413$020145318$934292
=650  \0$amadrigaal$378, 79, 80-83, 92$020145318$934349
=650  \0$aMarcello, B.$324, 25$020145318$934447
=650  \0$aMarcello, B.$324, 37, 38, 235, 237-239, 345$020145318$934447
=650  \0$amise-en-scène$338, 215$020145318$939272
=650  \0$amars$3226, 227$020145318$934486
=650  \0$aMartini, Padre$330$020145318$934501
=650  \0$aMascitti$3232, 336$020145318$934506
=650  \0$aMatteis, N.$386, 87$020145318$934533
=650  \0$aMattheson, J.$3441, 443?, 504$020145318$934535
=650  \0$amenuet$3208, 224, 225$020145318$934673
=650  \0$aMerulo, C.$389, 90$020145318$934700
=650  \0$aMizler$319, 21$020145318$934781
=650  \0$amordent$3119, 120$020145318$934868
=650  \0$amotet$3222-224$020145318$934907
=651  \0$aGermany$1http://www.wikidata.org/entity/Q183$9155
=653  \\$aà discretione$389$928394$020145318$w09L24b
=653  \\$aBabell$3479$928893$020145318$w09L24b
=653  \\$aBeer, J.$3100, 358, 480, 482$929354$020145318$w09L24b
=653  \\$aBendeler, J.P.$3469$929418$020145318$w09L24b
=653  \\$aBerardi, E.$3248, 394, 395, 396$929434$020145318$w09L24b
=653  \\$aBimmler$395$929577$020145318$w09L24b
=653  \\$aBoethius$326, 63, 64, 65$95706$020145318$w09L24b
=653  \\$aBrossard$322$929959$020145318$w09L24b
=653  \\$acanarie$3228$930176$020145318$w09L24b
=653  \\$aCanutius, C.E.$3469$930213$020145318$w09L24b
=653  \\$acatena di trilli$3115$930308$020145318$w09L24b
=653  \\$acavata$3213$930329$020145318$w09L24b
=653  \\$aCesti$324, 25$930377$020145318$w09L24a
=653  \\$aCesti$324, 25$930377$020145318$w09L24b
=653  \\$achaconne$3208, 233, 478$930385$020145318$w09L24b
=653  \\$achalumeau$3470$930388$020145318$w09L24b
=653  \\$aChelleri$3347$930424$020145318$w09L24b
=653  \\$aclaviorganum$3484$930538$020145318$w09L24b
=653  \\$aColassi$3218$930579$020145318$w09L24b
=653  \\$aConti, F.$340, 41, 86, 347$930682$020145318$w09L24b
=653  \\$acorrente$3208$930759$020145318$w09L24b
=653  \\$acourante$3208, 230, 231$930805$020145318$w09L24b
=653  \\$aCoussu, J.S.$3480, 481$930819$020145318$w09L24b
=653  \\$adagger$3153, 155, 250$930904$020145318$w09L24b
=653  \\$adansen$337, 70, 71, 86, 78, 82, 135, 139, 161-164, 208, 216, 217, 218, 224-234$930928$020145318$w09L24b
=653  \\$aDesmarets$3218$931029$020145318$w09L24b
=653  \\$adissonant en oplossing samen in bc$3297, 298$931112$020145318$w09L24b
=653  \\$aDodart$312$931123$020145318$w09L24b
=653  \\$adoel van muziek$310, 11$931129$020145318$w09L24a
=653  \\$adubbele port de voix$3112$931242$020145318$w09L24b
=653  \\$aDuvard$322$931339$020145318$w09L24b
=653  \\$aEbeling, J.G.$328$931357$020145318$w09L24a
=653  \\$afantasia$3232$931604$020145318$w09L24b
=653  \\$aFarinelli$327, 95$931610$020145318$w09L24b
=653  \\$aFinck, H.$3110$931713$020145318$w09L24b
=653  \\$afolia$3230$931797$020145318$w09L24b
=653  \\$aGerstenbüttel$3220$932139$020145318$w09L24b
=653  \\$aGibelius, O.$326, 307$932184$020145318$w09L24b
=653  \\$agroppo$3115, 116$932429$020145318$w09L24b
=653  \\$aHändel, G.F.$329$932536$020145318$w09L24a
=653  \\$aHändel, G.F.$336, 88, 225, 232, 345, 393, 431, 439-441, 479$932536$020145318$w09L24b
=653  \\$aHeinichen$316, 36, 40, 104, 112, 131, 334$932675$020145318$w09L24b
=653  \\$aHotteterre$3459$932948$020145318$w09L24b
=653  \\$aHoudeman$3412, 413$932956$020145318$w09L24b
=653  \\$ainterpretatiedwang$3173$933106$020145318$w09L24b
=653  \\$aJosquin$3242, 483$933255$020145318$w09L24b
=653  \\$aKeiser, Mad.$3113, 114$933337$020145318$w09L24b
=653  \\$aklankkwaliteit$394$933438$020145318$w09L24b
=653  \\$aklavecimbel in kerk$3446$933465$020145318$w09L24b
=653  \\$aklavecimbel_Duitsland 18e eeuw$310$933479$020145318$w09L24b
=653  \\$akopieren van muziek$3481$933694$020145318$w09L24b
=653  \\$akoraal en dans$3161-164$933699$020145318$w09L24b
=653  \\$akoraal zonder fermate$3161, 162, 163, 164$933707$020145318$w09L24b
=653  \\$aKuntze$3479$933794$020145318$w09L24b
=653  \\$aKurtz, J. $3476, 477$933803$020145318$w09L24b
=653  \\$aLampe, F.A.$3458$933872$020145318$w09L24b
=653  \\$alengte van appoggiatura$3112$934038$020145318$w09L24b
=653  \\$aloure$3228$934236$020145318$w09L24b
=653  \\$aLübeck_Abendmusiken$3216$934245$020145318$w09L24b
=653  \\$aLübeck, V.$3479$934255$020145318$w09L24b
=653  \\$aLüders$3479$934259$020145318$w09L24b
=653  \\$aMalcolm, A.$3289$934395$020145318$w09L24b
=653  \\$aMattheson, J._Critica musica$39$934539$020145318$w09L24a
=653  \\$aMattheson, J._Musikalische Ehrenpforte$325$934540$020145318$w09L24a
=653  \\$aMeder, J.V.$325$934581$020145318$w09L24a
=653  \\$amonochordmeting$344-53$934826$020145318$w09L24b
=653  \\$amuziek is wetenschap$320-27, 42, 43-59, 100, 103, 394$935020$020145318$w09L24b
=653  \\$amuziekgeschiedenis van de Bijbel$311-14$935074$020145318$w09L24a
=653  \\$aNiel$3197, 217$935235$020145318$w09L24b
=653  \\$aopera$3219$935411$020145318$w09L24b
=653  \\$aPalestrina_na dood$376, 223$935726$020145318$w09L24b
=653  \\$aPapius, A.$3307$935755$020145318$w09L24b
=653  \\$aPassionen componeren$3131, 132, 176-178$935795$020145318$w09L24b
=653  \\$apasspied$3208, 229, 230$935796$020145318$w09L24b
=653  \\$apedaalkoppel$3472$935825$020145318$w09L24b
=653  \\$aPrintz, J.C.$322, 24, 109, 114, 244$936211$020145318$w09L24b
=653  \\$aquerstand$3288-296$936299$020145318$w09L24b
=653  \\$aribattuta di gola$3118$938408$020145318$w09L24b
=653  \\$aRosenmüller$384, 85, 361$938558$020145318$w09L24b
=653  \\$aRousseau, J.$3173, 174$938593$020145318$w09L24b
=653  \\$aSalinas, F.$327$938709$020145318$w09L24a
=653  \\$aSalinas, F.$365, 66$938709$020145318$w09L24b
=653  \\$aScacchi, M.$368, 69, 75, 80, 81$938781$020145318$w09L24b
=653  \\$aSchmidt, D.$3469$938897$020145318$w09L24b
=653  \\$aSebastiani, J.$393$914011$020145318$w09L24b
=653  \\$aSilvani, F.$326$939121$020145318$w09L24b
=653  \\$aSpielereyregister op orgel$3467$936424$020145318$w09L24b
=653  \\$aspringlade$3461$936448$020145318$w09L24b
=653  \\$astylus phantasticus$387-89, 90, 477, 478$936665$020145318$w09L24b
=653  \\$atekst$336, 37, 111, 207$936775$020145318$w09L24b
=653  \\$atekstherhaling$3179, 222, 446, 447-457$936780$020145318$w09L24b
=653  \\$atempo$3172, 173, 208, 224-233, 234$936814$020145318$w09L24b
=653  \\$atempo van triller$3114, 115$936830$020145318$w09L24b
=653  \\$atenoriserende cadens$367, 385$936846$020145318$w09L24b
=653  \\$aTevo, Z.$374, 394$936879$020145318$w09L24b
=653  \\$atrompet$353, 206, 470$937194$020145318$w09L24b
=653  \\$aVenturini$3234$937388$020145318$w09L24b
=653  \\$aViadana$3221, 222$937525$020145318$w09L24b
=653  \\$aviolone$3469$937600$020145318$w09L24b
=653  \\$aVockerodt, J.A.$355$937685$020145318$w09L24b
=653  \\$aWeckmann, M.$3130, 131$937888$020145318$w09L24b
=700  \\$aErnst Ludwig von Hessen-Darmstadt$cLandgraf$d1667-1739$1http://www.wikidata.org/entity/Q504498$4dte$923423
=856  \\$uhttps://imslp.org/wiki/Der_vollkommene_Capellmeister_(Mattheson,_Johann)$3International Music Score Library Project
=942  \\$cBOO
=952  \\$00$10$2ddc$40$6KTS_1_000000000000000_C3_12_09L24$70$8RAR$92724$aORPH$bORPH$cKTS1_C3$d2020-07-08$eKoopman$g6000.00$oKTS1 C3.12 09L24$p20145318$r2021-01-12 00:00:00$v2500.00$w2021-01-12$yBOO
=999  \\$d2724

