=LDR  01438acm a2200277   4500
=001  2725
=008  210513b\\\\\\\\\\\||l||\||||\00|\0\eng\d
=041  \\$aeng
=059  \\$aorg
=100  \\$aAlbrechtsberger, Johann Georg$d1736-1809$4cmp$1http://www.wikidata.org/entity/Q314164$95150
=245  \\$aTwelve New and Easy Preludes for the Organ
=260  \\$aLondon$bBoosey$c18xx
=300  \\$a14 pages$bmodern black leather binding with gilt lettering
=500  \\$aJohann Georg Albrechtsberger\ was an Austrian composer, organist, and music theorist, and one of the teachers of Ludwig van Beethoven. He was a friend of Haydn and Mozart.
=500  \\$a12 manualiter preludes
=534  \\$aOriginally published in 1804: see 02G28
=561  \\$aEx libris Gordon Phillips (ms)
=563  \\$aHas been in a larger binding with other materials, see the ms page numbering 83-96.
=648  \0$1http://www.wikidata.org/entity/Q6955$a19th Century (1801-1900)$920935
=650  \0$aInstrumental music$1http://www.wikidata.org/entity/Q639197$92106
=650  \0$aOrgan music$1http://www.wikidata.org/entity/Q2003283$91951
=650  \0$aMusic education$1http://www.wikidata.org/entity/Q27908$921766
=765  \\$a12 neue leichte Präludien
=942  \\$cSCO
=952  \\$00$10$2ddc$40$6KTS_1_000000000000000_C3_12_09L25$70$8RAR$92725$aORPH$bORPH$cKTS1_C3$d2020-07-08$eKoopman$l0$oKTS1 C3.12 09L25$p20145323$r2021-01-12 00:00:00$w2021-01-12$ySCO
=999  \\$d2725

