=LDR  01838atm a2200301   4500
=001  2727
=008  210325s1725\\\\\\\g|||||||||\00|\0\ger\d
=041  \\$ager
=100  \\$aStölzel, Gottfried Heinrich$d1690-1749$4aut$1http://www.wikidata.org/entity/Q27600199$97024
=240  \\$aPractischer Beweiß der Canone Perpetuo
=245  \\$aPractischer Beweiß wie aus einem nach dem wahren Fundamente solcher Noten-Künsteleyen gesetzten Canone perpetuo in hÿpodiapente quatuor vocum viel und mancherley Theils an Melodie Theils an Harmonie, unterschiedene Canones perpetui à 4 zu machen seyn
=260  \\$as.l.$c1725
=300  \\$a32 pages$brestored paper, bound in leather
=500  \\$aSee also the nineteenth-century copy, 09L27b
=500  \\$aAnnotation in French on page 6
=500  \\$aThis treatise has also been printed though not many copies are known. 
=533  \\$aDigitized by iGuana, Spring 2022
=590  \\$aDer Wahrheit und einigen Music-Freunden zu gefallen dem Druck überlassen von G. H. S[toelzel] 1725 
=648  \0$a18th Century (1701-1800)$1http://www.wikidata.org/entity/Q7015$920899
=650  \0$aMusic theory$1http://www.wikidata.org/entity/Q193544$92662
=650  \0$aCanon$1http://www.wikidata.org/entity/Q53831$92130
=650  \0$aCounterpoint$1http://www.wikidata.org/entity/Q186393$921487
=651  \0$aGermany$1http://www.wikidata.org/entity/Q183$9155
=856  \\$uhttps://uv-v4.netlify.app/#?manifest=https://sharedcanvas.be/IIIF/manifests/15a5b44d-497d-11ed-8eb8-8f10016a2eaf$3IIIF
=856  \\$uhttps://sharedcanvas.be/IIIF/manifests/15a5b44d-497d-11ed-8eb8-8f10016a2eaf$3IIIF manifest
=942  \\$cMS
=952  \\$00$10$2ddc$40$6KTS_1_000000000000000_C3_12_09L27A$70$8RAR$92727$aORPH$bORPH$cKTS1_C3$d2020-07-08$eKoopman$oKTS1 C3.12 09L27a$p20136165$r2021-01-12 00:00:00$w2021-01-12$yMS
=999  \\$d2727

