=LDR  01908acm a2200289   4500
=001  2736
=008  220902b\\\\\\\\|||||k||\||||\00|\0\ita\d
=041  \\$aita
=059  \\$av pf
=100  \\$aPaisiello, Giovanni$d1740-1816$4cmp$95361
=245  \\$aDuetto dell'Olympiade
=246  \1$aDuetto dell'Olimpiade
=260  \\$aParis$bBoyer$c18xx
=300  \\$a[10] pages
=490  \\$aRépertoire italien, ou Journal d'ariettes tirées du Théâtre de la rue Feydeau
=501  \\$aBound in with C.H. Plantade’s ‘Le barde écossais’, Niccolo Zingarelli’s ‘Giusto Ciel! del mio tormento. Duo de Romeo et Juliette’, L. Jadin’s ‘Depuis une heure je l'attends. Romance’, Jean-Baptiste Roucourt’s ‘Nocturne à deux voix’, Nicolas Isouards ‘Boscareccia’, François-Adrien Boieldieu’s ‘Duo de Zoraïme et Zulnar’, Nicolas-Marie Dalayrac’s ‘Duo de Lina ou Le mystère’, Honoré François Marie Langlé’s ‘Six duo en canon à voix égales’ & François-Joseph Gossec’s ‘O salutaris hostia. Impromptu à trois voix sans accompagnement’
=534  \\$aPaisiello's 'Olimpiade' premiered in Naples, 1786
=610  \0$aThéâtre Feydeau (Paris, France)$1http://www.wikidata.org/entity/Q825805$924824
=648  \0$a19th Century (1801-1900)$1http://www.wikidata.org/entity/Q6955$920935
=650  \0$aOpera$1http://www.wikidata.org/entity/Q1344$92468
=650  \0$aItalian$1http://www.wikidata.org/entity/Q652$924225
=651  \0$aParis (France)$1http://www.wikidata.org/entity/Q90$9160
=700  \\$4lbt$aMetastasio, Pietro$d1698-1782$1http://www.wikidata.org/entity/Q29473$96031
=773  \\$021539$tCollection of early 19th century French vocal music$w21539
=942  \\$cSCO
=952  \\$00$10$2ddc$40$6KTS_1_000000000000000_C3_12_09L29D$70$8RAR$92736$aORPH$bORPH$cKTS1_C3$d2020-07-08$eKoopman$l0$oKTS1 C3.12 09L29d$p20145328d$r2021-01-12 00:00:00$w2021-01-12$ySCO
=999  \\$d2736

