=LDR  01557acm a2200241   4500
=001  2737
=008  230517s1808\\\\|||||l||\||||\00|\0\fre\d
=041  \\$afre
=059  \\$av pf
=100  \\$aPlantade, C. H.$4cmp$97035
=245  \\$aLe Barde écossais.$bRomance
=260  \\$aParis$bs.n.$c1808
=300  \\$a2 pages
=490  \\$aJournal d'Euterpe
=500  \\$aFrom the 'Journal d'Euterpe', 1re année, livraison no. 1
=501  \\$aBound in with Niccolo Zingarelli’s ‘Giusto Ciel! del mio tormento. Duo de Romeo et Juliette’, L. Jadin’s ‘Depuis une heure je l'attends. Romance’, Giovanni Paisiello’s ‘Duetto dell'Olympiade’, Jean-Baptiste Roucourt’s ‘Nocturne à deux voix’, Nicolas Isouards ‘Boscareccia’, François-Adrien Boieldieu’s ‘Duo de Zoraïme et Zulnar’, Nicolas-Marie Dalayrac’s ‘Duo de Lina ou Le mystère’, Honoré François Marie Langlé’s ‘Six duo en canon à voix égales’ & François-Joseph Gossec’s ‘O salutaris hostia. Impromptu à trois voix sans accompagnement’
=648  \0$1http://www.wikidata.org/entity/Q6955$a19th Century (1801-1900)$920935
=650  \0$aVocal music$1http://www.wikidata.org/entity/Q685884$93319
=651  \0$1http://www.wikidata.org/entity/Q90$aParis (France)$9160
=773  \\$021539$tCollection of early 19th century French vocal music$w21539
=942  \\$cSCO
=952  \\$00$10$2ddc$40$6KTS_1_000000000000000_C3_12_09L29A$70$8RAR$92737$aORPH$bORPH$cKTS1_C3$d2020-07-08$eKoopman$l0$oKTS1 C3.12 09L29a$p20145328a$r2021-01-12 00:00:00$w2021-01-12$ySCO
=999  \\$d2737

