=LDR  01369acm a2200205   4500
=001  2738
=008  230517b\\\\\\\\|||||l||\||||\00|\0\fre\d
=041  \\$afre
=059  \\$a2v pf
=100  \\$aRoucourt, Jean-Baptiste$4cmp$97036
=245  \\$aNocturne à deux voix
=260  \\$aParis$bTaskin$c18xx
=300  \\$a7 pages
=501  \\$aBound in with C.H. Plantade’s ‘Le barde écossais’, Niccolo Zingarelli’s ‘Giusto Ciel! del mio tormento. Duo de Romeo et Juliette’, L. Jadin’s ‘Depuis une heure je l'attends. Romance’, Giovanni Paisiello’s ‘Duetto dell'Olympiade’, Nicolas Isouards ‘Boscareccia’, François-Adrien Boieldieu’s ‘Duo de Zoraïme et Zulnar’, Nicolas-Marie Dalayrac’s ‘Duo de Lina ou Le mystère’, Honoré François Marie Langlé’s ‘Six duo en canon à voix égales’ & François-Joseph Gossec’s ‘O salutaris hostia. Impromptu à trois voix sans accompagnement’
=648  \0$1http://www.wikidata.org/entity/Q6955$a19th Century (1801-1900)$920935
=650  \0$aVocal music$1http://www.wikidata.org/entity/Q685884$93319
=773  \\$021539$tCollection of early 19th century French vocal music$w21539
=942  \\$cSCO
=952  \\$00$10$2ddc$40$6KTS_1_000000000000000_C3_12_09L29E$70$8RAR$92738$aORPH$bORPH$cKTS1_C3$d2020-07-08$eKoopman$l0$oKTS1 C3.12 09L29e$p20145328e$r2021-01-12 00:00:00$w2021-01-12$ySCO
=999  \\$d2738

