=LDR  01514acm a2200205   4500
=001  2740
=008  230517s1839\\\\|||||l||\||||\00|\0\fre\d
=041  \\$afre
=059  \\$av pf
=100  \\$aMeyerbeer, Giacomo$d1791-1864$4cmp$1http://www.wikidata.org/entity/Q105237$96868
=245  \\$aCollection des mélodies
=260  \\$aParis$bSchlesinger$bBrandus$bDufour$c1839
=300  \\$a4-3-3-7-3-3-3-9-5-5-3-5-3-6-3-5-5-3-5-3-7-3-3-3-7-5-3-5-3 pages$billustrated title pages
=500  \\$a'À une jeune mère' -- 'Aimez !' -- 'Ballade' -- 'C'est elle' -- 'Chant des moissonneurs vendéens' -- 'Confidences' -- 'De ma première amie' -- 'Délire' -- 'Elle et moi' -- 'Fantaisie' -- 'Guide au bord ta Nacelle' -- 'La barque légère' -- 'La chanson de maitre Floh' -- 'La dame invisible' -- 'La fille de l'air' -- 'La marguerite du poëte' -- 'La mère grand' -- 'Le jardin du cœur' -- 'Le poëte mourant' -- 'Le ranz-des-vaches d'Appenzel' -- 'Le vœu pendant l'orage' -- 'Les feuilles de roses' -- 'Nella' -- 'Printemps caché' -- 'Rachel à Nephtali -- 'Scirocco', 'Seul' -- 'Sicilienne' -- 'Suleika'
=648  \0$1http://www.wikidata.org/entity/Q6955$a19th Century (1801-1900)$920935
=650  \0$aSong$1http://www.wikidata.org/entity/Q7366$94164
=651  \0$1http://www.wikidata.org/entity/Q142$aFrance$9131
=942  \\$cSCO
=952  \\$00$10$2ddc$40$6KTS_1_000000000000000_C3_11_09L30$70$8RAR$92740$aORPH$bORPH$cKTS1_C3$d2020-07-08$eKoopman$l0$oKTS1 C3.11 09L30$p20145329$r2021-01-12 00:00:00$w2021-01-12$ySCO
=999  \\$d2740

