=LDR  02008aam a2200289   4500
=001  2742
=005  20251027153319.0
=008  210427s1650\\\\\\\|||||\||||\00|\0\lat\d
=041  \\$alat
=100  \\$aKircher, Athanasius$d1602-1680$4aut$1http://www.wikidata.org/entity/Q76738$97040
=245  \\$aMusurgia universalis
=250  \\$a1st ed.
=260  \\$aRome$bCorbelletti$c1650
=300  \\$a[xxiii]-700-[iv]-474-[38] pages ;$billustrations, music examples
=500  \\$aPrinted in c. 1500 copies, with one sent to every Jesuit college, 300 given to Jesuits coming to Rome for the election of a new Superior-General, and 352 distributed throughout Europe
=504  \\$aContains an index
=505  \\$gTomus I, Libr.I-VII -- Tomus II, Libr. VIII-X
=590  \\$aSive ars magna consoni et dissoni in X libros digesta. Quà Universa Sonorum doctrina, & Philosophia, Musicæque tam Theoricæ, quam practicæ scientia, summa varietate traditur; admirandæ Consoni, & Dissoni in mundo, adeòque Universà Naturà vires effectusque, uti nova, ita peregrina variorum speciminum exhibitione ad singulares usus, tum in omni pœnè facultate, tum potissimùm in Philologià, Mathematicà, Physicà, Mechanicà, Medicinà, Politicà, Metaphysicà, Theologià, aperiuntur & demonstrantur.
=610  \0$aJesuits$1http://www.wikidata.org/entity/Q36380$921140
=648  \0$a17th Century (1601-1700)$1http://www.wikidata.org/entity/Q7016$920923
=650  \0$aMusic theory$1http://www.wikidata.org/entity/Q193544$92662
=650  \0$aMusic philosophy and aesthetics$1http://www.wikidata.org/entity/Q2092865$921165
=650  \0$aLatin$1http://www.wikidata.org/entity/Q397$93992
=856  \\$uhttps://imslp.org/wiki/Musurgia_Universalis_(Kircher,_Athanasius)$3International Music Score Library Project
=942  \\$cBOO
=952  \\$00$10$2ddc$40$6KTS_1_000000000000000_C3_12_09L32$70$8RAR$92742$aORPH$bORPH$cKTS1_C3$d2020-07-08$eKoopman$g10000.00$l0$oKTS1 C3.12 09L32$p20136324$r2021-01-12 00:00:00$w2021-01-12$yBOO
=999  \\$d2742

