=LDR  02433aaa a2200217   4500
=001  2743
=008  221018n\\\\\\\\|||a||||\||||\00|\0\fre\d
=041  \\$afre
=245  \\$aLes quatre fils Aymon.$bHistoiré héroique
=260  \\$aParis$bLebigre$c18xx
=300  \\$a104 pages
=500  \\$aThe Four Sons of Aymon (French: [Les] Quatre fils Aymon, Dutch: De Vier Heemskinderen, German: Die Vier Haimonskinder), sometimes also referred to as Renaud de Montauban (after its main character) is a medieval tale spun around the four sons of Duke Aymon: the knight Renaud de Montauban, his brothers Guichard, Allard and Richardet, their magical horse Bayard, their adventures and revolt against the emperor Charlemagne. The story had a European success and echoes of the story are still found today in certain folklore traditions. 
=500  \\$aThe oldest extant version of the tale is an anonymous Old French chanson de geste, Quatre Fils Aymon, which dates from the late 12th century and comprises 18,489 alexandrine (12-syllable) verses grouped in assonanced and rhymed laisses (the first 12,120 verses use assonance; critics suggest that the rhymed laisses derive from a different poet). It is one of the longest of all the chansons de geste. Other, later versions of the chanson range from 14,300 to 28,000 verses. Of the dozen extant versions of the chanson, all are anonymous except for one, Histoire des quatre fils Aymon, attributed to Huon de Villeneuve, a 13th-century trouvère. The Renaud chansons de geste were transformed into prose romances in the 14th and 15th centuries, and, judging from the number of editions, the prose Quatre Fils Aymon was the most popular romance of chivalry in the late 15th century and first half of the 16th century in France.

The tale is generally included in the Doon de Mayence "cycle" of chansons. 
=648  \0$a19th Century (1801-1900)$1http://www.wikidata.org/entity/Q6955$920935
=650  \0$aNovel$1http://www.wikidata.org/entity/Q8261$921629
=650  \0$aFolklore$1http://www.wikidata.org/entity/Q36192$94595
=651  \0$aFrance$1http://www.wikidata.org/entity/Q142$9131
=856  \\$uhttps://gallica.bnf.fr/ark:/12148/bpt6k57345222/f10.item.texteImage$3very similar edition
=942  \\$cBOO
=952  \\$00$10$2ddc$40$6KTS_1_000000000000000_C2_45_10A01$70$8RAR$92743$aORPH$bORPH$cKTS1_C2$d2020-07-08$eKoopman$l0$oKTS1 C2.45 10A01$p20139624$r2021-01-12 00:00:00$w2021-01-12$yBOO
=999  \\$d2743

