=LDR  01714aam a2200253   4500
=001  2748
=008  221019s1789\\\\||||||||\||||\00|\0\fre\d
=041  \\$afre
=100  \\$aSaint-Simon, Louis de Rouvroy de$cDuc$d1675-1755$4aut$913752
=245  \\$aMémoires de Monsieur Le Duc de St.-Simon, ou L'Observateur véridique, sur le règne de Louis XIV, & sur les premières époques des règnes suivans$nvols. 1-3/7
=260  \\$aLondon$bDesoer$c1789
=300  \\$a3 vols (ii-317+254+295 pages)$bleather backs with gold lettering and flowers
=500  \\$aThe Memoires of Saint-Simon are a classic in French literature. They give a lively acoount of life at the courts of Louis XIV and XV. 
=561  \\$aEx libris Prittwitz (stamp on tp)
=648  \0$a18th Century (1701-1800)$1http://www.wikidata.org/entity/Q7015$920899
=650  \0$aHistory$1http://www.wikidata.org/entity/Q309$921403
=650  \0$aCourt$922191
=651  \0$aVersailles (France)$1http://www.wikidata.org/entity/Q621$920957
=856  \\$uhttps://lib.ugent.be/nl/catalog/rug01:001739980$3Universiteitsbibliotheek UGent
=942  \\$cBOO
=952  \\$00$10$2ddc$3vol. 1$40$6KTS_1_000000000000000_C2_45_10A06_01$70$8RAR$92748$aORPH$bORPH$cKTS1_C2$d2020-07-08$eKoopman$l0$oKTS1 C2.45 10A06_01$p20139629$r2021-01-12 00:00:00$w2021-01-12$yBOO
=952  \\$00$10$2ddc$3vol. 2$40$6KTS_1_000000000000000_C2_45_10A06_02$70$8RAR$922174$aORPH$bORPH$cKTS1_C2$d2020-07-08$eKoopman$l0$oKTS1 C2.45 10A06_02$p20139630$r2021-01-12 00:00:00$w2021-01-12$yBOO
=952  \\$00$10$2ddc$3vol. 3$40$6KTS_1_000000000000000_C2_45_10A06_03$70$8RAR$922175$aORPH$bORPH$cKTS1_C2$d2020-07-08$eKoopman$l0$oKTS1 C2.45 10A06_03$p20139631$r2021-01-12 00:00:00$w2021-01-12$yBOO
=999  \\$d2748

