=LDR  02857    a2200553   4500
=001  2755
=008  221021s1830\\\\||||||||\||||\00|\0\eng\d
=041  \\$aeng
=100  \\$aGraham, Mary Jane$d1803-1830$4aut$1http://www.wikidata.org/entity/Q52154656$97067
=245  \\$aA Letter to a Young Pianoforte Player
=250  \\$a2nd ed.
=260  \\$aLondon$bHailes$c1830
=300  \\$a64 pages
=561  \\$aEx libris Mercantile Library New York (stamp on tp)
=590  \\$aIn which are given instructions for practising, and Hints for avoiding or correcting Errors and Inelegancies to which pupils are liable
=648  \0$a19th Century (1801-1900)$1http://www.wikidata.org/entity/Q6955$920935
=650  \0$aMethod$1http://www.wikidata.org/entity/Q2250960$921402
=650  \0$aPiano$1http://www.wikidata.org/entity/Q5994$92127
=650  \0$aTeaching$1http://www.wikidata.org/entity/Q352842$923444
=651  \0$aUnited Kingdom$1http://www.wikidata.org/entity/Q21$9273
=653  \0$aappoggiatura$338$020139639$w10A13$928737
=653  \0$aarpeggio$333, 40$020139639$w10A13$928797
=653  \0$aartikulatie$334-37, 39$020139639$w10A13$928817
=653  \0$aCramer$323, 46-48$020139639$w10A13$930830
=653  \0$apianoles zonder leraar$3wb$020139639$w10A13$935948
=653  \0$aemoties$329, 53, 55, 56, 58-61$020139639$w10A13$931445
=653  \0$afermate$325, 26$020139639$w10A13$931664
=653  \0$astuderen$327, 44-48$020139639$w10A13$936657
=653  \0$atempo en volume$328$020139639$w10A13$936818
=653  \0$atoevoegen van trillers etc. $338, 39$020139639$w10A13$936991
=653  \0$atoucher$331, 32, 34-41$020139639$w10A13$937044
=653  \0$atrillers en messa di voce$338$020139639$w10A13$937144
=653  \0$atrillers etc.$337, 38$020139639$w10A13$937146
=653  \0$aHändel, G.F._na dood$355$020139639$w10A13$932543
=653  \0$ahandhouding$314-18$020139639$w10A13$932548
=653  \0$aHaydn, J._na dood$357$020139639$w10A13$932642
=653  \0$avingerzetting$314, 18-24, 36$020139639$w10A13$937568
=653  \0$avrijheid_in maat$329, 30$020139639$w10A13$937810
=653  \0$aritenuto$328$020139639$w10A13$938470
=653  \0$arubato$328-30$020139639$w10A13$938615
=653  \0$ametronoom$324$020139639$w10A13$934713
=653  \\$acompositiedwang$345$930637$020139639$w10A13
=653  \\$afoute noten bij 't spelen$327$931842$020139639$w10A13
=653  \\$averschil dot and dagger$339$937464$020139639$w10A13
=653  \\$avogel als voorbeeld$349, 50, 54, 63$937693$020139639$w10A13
=856  \\$uhttps://books.google.be/books?id=LtfEgGw5T6sC&hl=nl&pg=PR3#v=onepage&q&f=false$3Google Books
=942  \\$cBOO
=952  \\$00$10$2ddc$40$6KTS_1_000000000000000_C2_45_10A13$70$8RAR$92755$aORPH$bORPH$cKTS1_C2$d2020-07-08$eKoopman$l0$oKTS1 C2.45 10A13$p20139639$r2021-01-12 00:00:00$w2021-01-12$yBOO
=999  \\$d2755

