=LDR  09727aam a2201621   4500
=001  2757
=005  20251010152245.0
=008  220106s1888\\\\\\\|||||\||||\00|\0\ger\d
=041  \\$ager
=100  \\$aSchumann, Robert$d1810-1856$4aut$1http://www.wikidata.org/entity/Q7351$913977
=245  \\$aGesammelte Schriften über Musik und Musiker
=260  \\$aLeipzig$bReclam$c1888
=300  \\$a3 volumes (248+254+190 pages)
=490  \\$aReklams Universal Bibliothek$vVol. 2472-2473a, 2561-2563, 2621-2622
=500  \\$aRobert Schumann published his collected writings on music in 1854. Most of it was written for the 'Neue Zeitschrift für Musik' between 1834 and 1844. 
=534  \\$aOriginally published in 1854
=561  \\$aDedication on all three titlepages: 'Aan mijn Is, van Tineke 9/7/1928'

=648  \0$a19th Century (1801-1900)$1http://www.wikidata.org/entity/Q6955$920935
=650  \0$aMusic criticism$1http://www.wikidata.org/entity/Q11748889$921598
=651  \0$aGermany$1http://www.wikidata.org/entity/Q183$9155
=653  \0$aad lib. bezetting$321, 23, 43, 87$020139643$w10A15_03$928471
=653  \0$aBach, C.P.E.$3238$020139641$w10A15_01$928902
=653  \0$aBach, J.S._Klavecimbelconcert in d klein$3103, 104$020139642$w10A15_02$928965
=653  \0$aBach, J.S._na dood$336, 41, 47, 153, 154$020139641$w10A15_01$928973
=653  \0$aBach, J.S._na dood$331?, 95, 96, 103, 104, 165, 168, 217$020139642$w10A15_02$928973
=653  \0$aBach, J.S._na dood$322, 27-30, 37, 42, 67-69, 84, 86, 87, 170, 173$020139643$w10A15_03$928973
=653  \0$abezetting_vocaal$373, 78, 88, 163, 164$020139643$w10A15_03$929535
=653  \0$aboekoplage $3subscriberslist$020139643$w10A15_03$929700
=653  \0$aBöhm, G.$396$020139642$w10A15_02$929726
=653  \0$aBeethoven$334, 36, 38, 39, 41, 45, 47, 55, 59, 123, 124, 141, 144, 150-156, 237$020139641$w10A15_01$929355
=653  \0$aBeethoven$398, 99, 104, 105, 165, 167, 217$020139642$w10A15_02$929355
=653  \0$aBeethoven$314, 15, 21, 28, 35, 37, 39, 42, 70-76, 80, 82, 84, 88, 89, 91, 105-108, 165, 173$020139643$w10A15_03$929355
=653  \0$aBerlioz, H.$345, 89-110, 162, 163$020139641$w10A15_01$929448
=653  \0$aBerlioz, H.$341$020139643$w10A15_03$929448
=653  \0$acadens$385$020139643$w10A15_03$930106
=653  \0$aCherubini$391$020139641$w10A15_01$930430
=653  \0$aCherubini$361, 62, 131-133, 140-142, 165 $020139642$w10A15_02$930430
=653  \0$aCimarosa, D.$3165$020139643$w10A15_03$930483
=653  \0$amuziekkritiek$331, 39, 47$020139641$w10A15_01$935083
=653  \0$acomponeren$342$020139641$w10A15_01$930621
=653  \0$acomponeren$3173$020139643$w10A15_03$930621
=653  \0$acomponiste$370, 71, 229$020139641$w10A15_01$930632
=653  \0$acomponiste$343-45, 142$020139642$w10A15_02$930632
=653  \0$aCouperin, F.$396$020139642$w10A15_02$930793
=653  \0$aorgel$3171$020139643$w10A15_03$935465
=653  \0$aCzerny$331, 143-145, 156, 157$020139642$w10A15_02$930885
=653  \0$aorgelregistratie$330$020139643$w10A15_03$935575
=653  \0$aoud-nieuw$3169, 172$020139643$w10A15_03$935651
=653  \0$aoude muziek vroeger$395, 96, 165$020139642$w10A15_02$935658
=653  \0$aoude muziek vroeger$322, 27-30, 37, 39, 41, 74, 83, 84, 86, 170$020139643$w10A15_03$935658
=653  \0$adirigent$339, 136$020139641$w10A15_01$931092
=653  \0$adirigent$397$020139642$w10A15_02$931092
=653  \0$adirigent$3174$020139643$w10A15_03$931092
=653  \0$aDonizetti$3164$020139643$w10A15_03$931148
=653  \0$apolonaise$351$020139642$w10A15_02$936057
=653  \0$aemoties$341, 145$020139641$w10A15_01$931445
=653  \0$aemoties$352$020139642$w10A15_02$931445
=653  \0$aprima vista$325, 167, 168$020139643$w10A15_03$936203
=653  \0$apubliek$326, 41$020139641$w10A15_01$936257
=653  \0$apubliek$381, 89, 156$020139643$w10A15_03$936257
=653  \0$aField, J.$3180, 181$020139641$w10A15_01$931700
=653  \0$aSpohr$337, 83-85, 90, 91$020139641$w10A15_01$936434
=653  \0$aSpohr$3102, 128, 129, 165$020139642$w10A15_02$936434
=653  \0$aSpohr$383, 84, 121, 122, 141-145$020139643$w10A15_03$936434
=653  \0$aSpohr hist. sinf.$383, 84, 141$020139643$w10A15_03$936435
=653  \0$afuga$337$020139641$w10A15_01$931941
=653  \0$atemperatuur$3167$020139643$w10A15_03$936807
=653  \0$atempo$3137, 158$020139641$w10A15_01$936814
=653  \0$atempo$3105$020139642$w10A15_02$936814
=653  \0$atempo$3165$020139643$w10A15_03$936814
=653  \0$aGluck$3168$020139642$w10A15_02$932235
=653  \0$aGluck$337, 163$020139643$w10A15_03$932235
=653  \0$atoevoegen van trillers etc. $3169$020139643$w10A15_03$936991
=653  \0$atoonaardkarakteristiek$3129-130$020139641$w10A15_01$937025
=653  \0$aHändel, G.F._na dood$3165, 168$020139642$w10A15_02$932543
=653  \0$aHändel, G.F._na dood$327, 37, 39, 74, 82, 84, 86, 87$020139643$w10A15_03$932543
=653  \0$auit 't hoofd spelen$3147, 148$020139641$w10A15_01$937279
=653  \0$auit 't hoofd spelen$324$020139643$w10A15_03$937279
=653  \0$aUrtext$366-68, 169$020139643$w10A15_03$937305
=653  \0$aHaydn, J.$3107, 165, 169$020139642$w10A15_02$932639
=653  \0$aHaydn, J.$337, 42, 78, 87$020139643$w10A15_03$932639
=653  \0$aHiller, F.$356-58, 62, 66, 196$020139641$w10A15_01$932780
=653  \0$aHiller, F.$398, 102, 113$020139642$w10A15_02$932780
=653  \0$aHummel, J.N.$319$020139641$w10A15_01$933006
=653  \0$aimprovisatie$3141$020139641$w10A15_01$933059
=653  \0$aimprovisatie$3173, 174$020139643$w10A15_03$933059
=653  \0$aVogler, Abbé$3107, 169$020139642$w10A15_02$937702
=653  \0$aWagner$3163-165$020139643$w10A15_03$937836
=653  \0$aWeber, C. M. v.$3144, 233$020139641$w10A15_01$937881
=653  \0$aWeber, C. M. v.$394, 165$020139642$w10A15_02$937881
=653  \0$aWeber, C. M. v.$3164, 165$020139643$w10A15_03$937881
=653  \0$awonderkind$316, 17, 32$020139641$w10A15_01$938047
=653  \0$azang_als voorbeeld$3170$020139643$w10A15_03$938080
=653  \0$azangeres$397$020139642$w10A15_02$938089
=653  \0$azangeres$375$020139643$w10A15_03$938089
=653  \0$aklavierles$314-35$020139642$w10A15_02$933603
=653  \0$aklavierstudie$3166-169$020139643$w10A15_03$933606
=653  \0$akoor/orkestbezetting$3185$020139642$w10A15_02$933678
=653  \0$akoor/orkestbezetting$326, 27, 87$020139643$w10A15_03$933678
=653  \0$aKühnau, J.$396$020139642$w10A15_02$933784
=653  \0$aRossini$338, 139, 148, 149$020139641$w10A15_01$938572
=653  \0$aRossini$3165$020139642$w10A15_02$938572
=653  \0$aRossini$3164$020139643$w10A15_03$938572
=653  \0$arubato$3166$020139643$w10A15_03$938615
=653  \0$aScarlatti, A.$331$020139642$w10A15_02$938789
=653  \0$aLiszt, F.$317-25, 98-100$020139643$w10A15_03$934152
=653  \0$aSchubert, F.$390, 144-146, 202, 203, 230, 237$020139641$w10A15_01$938976
=653  \0$aSchubert, F.$397, 107, 119-124, 163-165$020139642$w10A15_02$938976
=653  \0$aSchubert, F.$34-10, 22, 23, 35, 39, 77, 146$020139643$w10A15_03$938976
=653  \0$aSchumann, C.$343-45, 90, 91, 118$020139642$w10A15_02$938992
=653  \0$aSchumann, R.$3wb, 1-3$020139641$w10A15_01$938993
=653  \0$aSchumann, R.$3wb$020139642$w10A15_02$938993
=653  \0$aSchumann, R.$3wb, 24$020139643$w10A15_03$938993
=653  \0$aMendelssohn, F.$34, 7, 11, 36, 90, 91, 120, 121, 134-139, 143, 144, 148, 153, 157-159, 218, 219, 222, 237, 238$020139641$w10A15_01$934651
=653  \0$aMendelssohn, F.$346-48, 61, 67, 68, 97-99, 102, 103, 109, 113-116, 165, 166, 171, 178, 179, 184, 185, 187-190, 205$020139642$w10A15_02$934651
=653  \0$aMendelssohn, F.$310, 11, 18, 22, 24-30, 35, 36, 40, 42, 65, 66, 74, 79, 80, 81, 85, 88, 91, 92, 145-148, 156-158$020139643$w10A15_03$934651
=653  \0$aMeyerbeer$3109-113$020139642$w10A15_02$934737
=653  \0$aMozart, W.A.$355, 59, 140$020139641$w10A15_01$934927
=653  \0$aMozart, W.A.$3107, 165$020139642$w10A15_02$934927
=653  \0$aMozart, W.A.$328, 37, 42, 69-70, 73, 82, 87, 88, 173$020139643$w10A15_03$934927
=653  \\$aauthentiek$3146$928876$020139641$w10A15_01
=653  \\$aBrahms, J.$3176$929877$020139643$w10A15_03
=653  \\$aChopin, F.$336, 185-189, 201-204, 237$930450$020139641$w10A15_01
=653  \\$aChopin, F.$348-50, 52, 56, 161-163, 198, 199$930450$020139642$w10A15_02
=653  \\$aChopin, F.$351-54, 63-65, 127, 128, 155$930450$020139643$w10A15_03
=653  \\$amuzikaliteit$3172, 172$935113$020139643$w10A15_03
=653  \\$apartituur en muziekbegrip$328$935778$020139641$w10A15_01
=653  \\$aSchröder-Devrient$388, 91, 92, 163$938966$020139643$w10A15_03
=653  \\$aThibault$3171$97061$020139643$w10A15_03
=653  \\$aVerhulst, J.$3127, 128, 199-201$937411$020139642$w10A15_02
=653  \\$aVerhulst, J. J. H.$3102-105$937412$020139643$w10A15_03
=653  \\$aVieuxtemps, H.$326-28$937542$020139641$w10A15_01
=700  \\$4edt$aSimon, Heinrich$97069
=942  \\$cBOO
=952  \\$00$10$2ddc$3vol. 1$40$6KTS_1_000000000000000_C2_45_10A15_01$70$8RAR$92757$aORPH$bORPH$cKTS1_C2$d2020-07-08$eKoopman$oKTS1 C2.45 10A15_01$p20139641$r2021-01-12 00:00:00$w2021-01-12$yBOO
=952  \\$00$10$2ddc$3vol. 2$40$6KTS_1_000000000000000_C2_45_10A15_02$70$8RAR$922181$aORPH$bORPH$cKTS1_C2$d2020-07-08$eKoopman$l0$oKTS1 C2.45 10A15_02$p20139642$r2021-01-12 00:00:00$w2021-01-12$yBOO
=952  \\$00$10$2ddc$3vol. 3$40$6KTS_1_000000000000000_C2_45_10A15_03$70$8RAR$922182$aORPH$bORPH$cKTS1_C2$d2020-07-08$eKoopman$l0$oKTS1 C2.45 10A15_03$p20139643$r2021-01-12 00:00:00$w2021-01-12$yBOO
=999  \\$d2757

