=LDR  05498    a2200949   4500
=001  2758
=008  221021s1735\\\\||||||||\||||\00|\pdeng\d
=041  \\$aeng
=100  \\$aHughes, John$d1677-1720$4aut$1http://www.wikidata.org/entity/Q6240316$97070
=245  \\$aPoems on Several Occasions. With Some Select Essays in Prose$bAdorn'd with Sculptures
=260  \\$aLondon$bTonson$bWatts$c1735
=300  \\$a2 vols. ([xviii]-lxxvi-275+364)
=500  \\$aContains the lyrics of cantatas set by Pepusch, D. Purcell, Scarlatti, Haym, Galliard, as well as poems, odes, and some theatrical works (plays and operas). 
=500  \\$aVol. 1 contains an engraved portrait as frontispiece (by Kneller, engraved by G. vander Gucht); vol. 2 has three engraved illustrations
=563  \\$aLeather bindings
=648  \0$a18th Century (1701-1800)$1http://www.wikidata.org/entity/Q7015$920899
=650  \0$aPoetry$1http://www.wikidata.org/entity/Q482$93026
=650  \0$aPlay (theater)$1http://www.wikidata.org/entity/Q25379$921414
=650  \0$aOpera$1http://www.wikidata.org/entity/Q1344$92468
=651  \0$aUnited Kingdom$1http://www.wikidata.org/entity/Q21$9273
=653  \0$aAddison en Steele$3v, xvii, xix-xxii, xxxiii-xlvii, lix-lxiv, lxxii$020139657$w10A16_01$928484
=653  \0$aAddison en Steele$388-90$020139658$w10A16_02$928484
=653  \0$abezetting_vocaal$3xix, 178, 179$020139657$w10A16_01$929535
=653  \0$abezetting_vocaal$318, 108$020139658$w10A16_02$929535
=653  \0$ablokfluit$3124$020139657$w10A16_01$929645
=653  \0$aBritton, T.$3143$020139657$w10A16_01$929944
=653  \0$aPepusch, J.$3A2, xv, 125-140, 146, 147, 149-151, 159-162, 178-183$020139657$w10A16_01$935848
=653  \0$aPepusch, J.$366, 67, 69, 70, 93-95?, 107-126$020139658$w10A16_02$935848
=653  \0$aPope, A.$3A2, xxv$020139657$w10A16_01$936079
=653  \0$aPope, A.$390$020139658$w10A16_02$936079
=653  \0$aentreeprijs$3xviii$020139657$w10A16_01$931491
=653  \0$aPurcell, D.$3144, 145$020139657$w10A16_01$936279
=653  \0$aPurcell, H.$362$020139657$w10A16_01$936282
=653  \0$astijl$3247-255$020139657$w10A16_01$936591
=653  \0$aHändel, G.F.$364, 65, 71-78??, 93-95??$020139658$w10A16_02$932536
=653  \0$atrompet$3255$020139657$w10A16_01$937194
=653  \0$atrompet$3223, 264, 293$020139658$w10A16_02$937194
=653  \0$aharp$3124$020139657$w10A16_01$932582
=653  \0$aharp$3125$020139658$w10A16_02$932582
=653  \0$aUrtext$3xxix$020139657$w10A16_01$937305
=653  \0$aUrtext$371$020139658$w10A16_02$937305
=653  \0$aHaym, N.$3148, 149$020139657$w10A16_01$932649
=653  \0$aviool$3179, 364$020139658$w10A16_02$937605
=653  \0$ainterpretatie$3129, 130$020139657$w10A16_01$933100
=653  \0$aItaliaans-Engelse operastrijd$3xviii, xix, lxi, 128$020139657$w10A16_01$933134
=653  \0$aItaliaans-Engelse operastrijd$3vw-16$020139658$w10A16_02$933134
=653  \0$aItaliaanse invloed in Engeland$3xv, xviii$020139657$w10A16_01$933143
=653  \0$avrouwen$3317-322$020139658$w10A16_02$937815
=653  \0$ajongenssopraan$397$020139658$w10A16_02$933241
=653  \0$aWillem III$31-60$020139657$w10A16_01$937975
=653  \0$arecitatief$3129, 130$020139657$w10A16_01$938285
=653  \0$arecitatief$3vw iii$020139658$w10A16_02$938285
=653  \0$aScarlatti, A.$3128, 146, 147$020139657$w10A16_01$938789
=653  \0$aluit$3185$020139657$w10A16_01$934262
=653  \0$aluit$3106$020139658$w10A16_02$934262
=653  \0$aMainwaring$3xx$020139657$w10A16_01$934372
=653  \0$aslagwerk$3321$020139658$w10A16_02$939152
=653  \0$amise-en-scène$3xviii$020139657$w10A16_01$939272
=653  \0$amise-en-scène$3tp, 163 afb, 349 afb$020139658$w10A16_02$939272
=653  \0$amenuet$3lii$020139657$w10A16_01$934673
=653  \0$aMilton$3250$020139657$w10A16_01$934765
=653  \0$aMilton$391, 317$020139658$w10A16_02$934765
=653  \0$amuziek$3ii, xv, xvii, xviii, xliii, lii, 62, 82, 86, 125-140, 143-185, 251$020139657$w10A16_01$934990
=653  \0$amuziek$311-58, 64$020139658$w10A16_02$934990
=653  \\$aClayton, W.$3subscript. list, xvii$930540$020139657$w10A16_01
=653  \\$aEuripides$3143-152$95566$020139658$w10A16_02
=653  \\$aGalliard$3xix, 155-157, 168-170, 176, 177$922901$020139657$w10A16_01
=653  \\$aGalliard$3begin-58$922901$020139658$w10A16_02
=653  \\$aMolière$3xvi, lx, 219-244$95673$020139657$w10A16_01
=653  \\$aode to St. Cecilia's day$3163-168$935329$020139657$w10A16_01
=653  \\$aode to St. Cecilia's day$371-78$935329$020139658$w10A16_02
=653  \\$aschilderkunst$3157-162$938865$020139658$w10A16_02
=653  \\$aSenesino$3xix$923785$020139657$w10A16_01
=653  \\$aSpencer$3xxxvi, 250$936396$020139657$w10A16_01
=653  \\$aSt. Cecilia aan 't orgel$386$936457$020139657$w10A16_01
=653  \\$aVoltaire$3A3$95159$020139657$w10A16_01
=856  \\$uhttps://books.google.be/books?id=6RtWAAAAYAAJ$3vol. 1
=856  \\$uhttps://books.google.be/books?id=NhxWAAAAYAAJ$3vol. 2
=942  \\$cBOO
=952  \\$00$10$2ddc$3vol. 1$40$6KTS_1_000000000000000_C2_45_10A16_01$70$8RAR$92758$aORPH$bORPH$cKTS1_C2$d2020-07-08$eKoopman$l0$oKTS1 C2.45 10A16_01$p20139657$r2021-01-12 00:00:00$w2021-01-12$yBOO
=952  \\$00$10$2ddc$3vol. 2$40$6KTS_1_000000000000000_C2_45_10A16_02$70$8RAR$922185$aORPH$bORPH$cKTS1_C2$d2020-07-08$eKoopman$l0$oKTS1 C2.45 10A16_02$p20139658$r2021-01-12 00:00:00$w2021-01-12$yBOO
=999  \\$d2758

