=LDR  01446aam a2200241   4500
=001  2759
=008  221021s1819\\\\|||a||||\||||\00|\0\eng\d
=041  \\$aeng
=100  \\$aBeattie, James$d1735-1803$4aut$1http://www.wikidata.org/entity/Q915031$97071
=245  \\$aThe Minstrel; or, The Progress of Genius, and Other Poems
=260  \\$aLondon$bSharpe$c1819
=300  \\$a176 pages$bleather binding with decorated edges, marbled endpapers and marbled edges of book block
=500  \\$aJames Beattie (1735-1803), was a Scottish poet, moralist and philosopher (and an amateur cellist). Beattie is remembered primarily for his poetry and for his staunch opposition to slavery. His philosophical work have generally been assessed very negatively. 
=534  \\$aOriginally published in 1771-4
=561  \\$aEx libris Rev. V.S.S. Cotes, Pusey House (Pusey House is a theological centre in Oxford)
=648  \0$a19th Century (1801-1900)$1http://www.wikidata.org/entity/Q6955$920935
=650  \0$aPoetry$1http://www.wikidata.org/entity/Q482$93026
=651  \0$aScotland$1http://www.wikidata.org/entity/Q22$921258
=700  \\$4ill$aWestall, Richard$97072
=856  \\$uhttps://archive.org/details/gri_33125014521526/page/n10$3Internet Archive
=942  \\$cBOO
=952  \\$00$10$2ddc$40$6KTS_1_000000000000000_C2_45_10A17$70$8RAR$92759$aORPH$bORPH$cKTS1_C2$d2020-07-08$eKoopman$l0$oKTS1 C2.45 10A17$p20139659$r2021-01-12 00:00:00$w2021-01-12$yBOO
=999  \\$d2759

