=LDR  01818    a2200313   4500
=001  2760
=005  20250923161049.0
=008  221021s1676\\\\|||a||||\||||\00|\0\dut\d
=041  \\$adut
=100  \\$aPoirters, Adrianius$d1605-1674$4aut$1http://www.wikidata.org/entity/Q2025692$97073
=245  \\$aHet masker van de wereldt afgetrocken
=250  \\$a12th ed.
=260  \\$aAntwerp$bVan Eyck$c1676
=300  \\$a[xviii]-373-[vi] pages$bnew leather binding, engraved titlepage, with engraved illustrations
=500  \\$aContains moral guidance about life, love, marriage, education, vanity, etc., also in the form of emblemata: pictures with a motto and explanation. 
=500  \\$aPoirters was the author of popular sayings like "ieder huisken heeft zijn kruisken" (see page 11) and "hij heeft een aartje naar zijn vaartjen".
=534  \\$aOriginally published in 1646
=561  \\$aEx libris 'Bibliotheek Saint Louis Oudenbosch' (stamp on tp), also 'Bisschoppelijke Kweekschool Saint Jean Baptiste de la Salle Oudenbosch' (stamp on last page)
=563  \\$aat least one but maybe more pages of the front matter / preface are missing.
=648  \0$a17th Century (1601-1700)$1http://www.wikidata.org/entity/Q7016$920923
=650  \0$aPoetry$1http://www.wikidata.org/entity/Q482$93026
=650  \0$aMoral education$1http://www.wikidata.org/entity/Q25457248$93171
=651  \0$aNetherlands$1http://www.wikidata.org/entity/Q55$9173
=651  \0$aBelgium$1http://www.wikidata.org/entity/Q31$920881
=653  \0$aluit$3tp, 12, 258$020139660$w10A18$934262
=942  \\$cBOO
=952  \\$00$10$2ddc$40$6KTS_1_000000000000000_C2_45_10A18$70$8RAR$92760$aORPH$bORPH$cKTS1_C2$d2020-07-08$eKoopman$l0$oKTS1 C2.45 10A18$p20139660$r2021-01-12 00:00:00$w2021-01-12$yBOO
=999  \\$d2760
=533  \\$aDigitized by iGuana, Spring 2025.

