=LDR  01372aam a2200265   4500
=001  2761
=005  20250923161049.0
=008  221021s1668\\\\|||g||||\||||\00|\0\fre\d
=041  \\$afre
=245  \\$aLes Pseaumes de David mis en rime françoise
=260  \\$aGeneva$bChouet$c1668
=300  \\$a[768]-[78]-[14] pages$bnew leather binding, bookblock restored, with the melodies in music notation
=501  \\$aThe psalms are followed by prayers, and 'le Catechisme' [page numbers 35-112], ending with the 'Confession de foi'
=534  \\$aOriginally published in 1551
=648  \0$a17th Century (1601-1700)$1http://www.wikidata.org/entity/Q7016$920923
=650  \0$aReligion$1http://www.wikidata.org/entity/Q9174$93062
=650  \0$aPsalm$1http://www.wikidata.org/entity/Q12497663$92164
=650  \0$aLiturgy$1http://www.wikidata.org/entity/Q172331$92284
=651  \0$aGeneva (Switzerland)$1http://www.wikidata.org/entity/Q71$923443
=700  \\$aMarot, Clément$d1496-1544$1http://www.wikidata.org/entity/Q108926$95914
=700  \\$aBèze, Théodore de$d1519-1605$1http://www.wikidata.org/entity/Q314981$96017
=942  \\$cBOO
=952  \\$00$10$2ddc$40$6KTS_1_000000000000000_C2_45_10A19$70$8RAR$92761$aORPH$bORPH$cKTS1_C2$d2020-07-08$eKoopman$l0$oKTS1 C2.45 10A19$p20139661$r2021-01-12 00:00:00$w2021-01-12$yBOO
=999  \\$d2761
=533  \\$aDigitized by iGuana, Spring 2025.

