=LDR  01525    a2200277   4500
=001  2764
=008  221021s1740\\\\|||a||||\||||\00|\0\lat\d
=041  \\$alat
=245  \\$aBeatæ Mariæ Virginis officium
=260  \\$aVenice$bPasquali$c1740
=300  \\$a[xxxvi]-427-[v] pages$bred leather binding with extensive gold decorations, gilt and tooled edges, kept in a matching cover and box, engraved illustrations both small and full page
=500  \\$aMagnificently illustrated (on title-page and at pages 1, 33, 34, 67, 68, 77, 78, 86, 94, 102, 123, 124, 136, 211, 212, 231 232, 265, 266, 303, 304, 329, 345, 357, 421, 425, 427)
=500  \\$aprinted in a remarkable letter
=648  \0$a18th Century (1701-1800)$1http://www.wikidata.org/entity/Q7015$920899
=650  \0$aReligion$1http://www.wikidata.org/entity/Q9174$93062
=650  \0$aLiturgy$1http://www.wikidata.org/entity/Q172331$92284
=650  \0$aDevotion$1http://www.wikidata.org/entity/Q33111788$925087
=651  \0$aVenice (Italy)$1http://www.wikidata.org/entity/Q641$91
=653  \0$ablokfluit?$3266$020139664$w10A22$929647
=653  \0$acello?$3266$020139664$w10A22$930351
=653  \0$aorgel_Italië, 18e eeuw$3266$020139664$w10A22$935512
=653  \0$agamba?$3266$020139664$w10A22$931999
=653  \0$aluit$3286, 303$020139664$w10A22$934262
=942  \\$cBOO
=952  \\$00$10$2ddc$40$6KTS_1_000000000000000_C2_45_10A22$70$8RAR$92764$aORPH$bORPH$cKTS1_C2$d2020-07-08$eKoopman$l0$oKTS1 C2.45 10A22$p20139664$r2021-01-12 00:00:00$w2021-01-12$yBOO
=999  \\$d2764

