=LDR  06280aam a2201189   4500
=001  2769
=005  20250923161049.0
=008  221031s1592\\\\||||||||\||||\00|\0dita\d
=041  \\$aita
=100  \\$aGarzoni, Tommaso$d1549-1589$4aut$1http://www.wikidata.org/entity/Q3531261$97078
=245  \\$aLa piazza universale di tutte le professioni del mondo
=250  \\$a2nd ed.
=260  \\$aVenice$bMeietti$c1592
=300  \\$a[xl]-918 pages
=500  \\$aEngraved printer's emblem on title page
=500  \\$aDescription of all possible professions, arts, businesses, trades and crafts
=500  \\$aGerman translation published in Frankfurt 1641 as "Piazza universale, das ist allgemeiner Schawplatz, Marckt und Zusammenkunfft aller Professionen, Künsten, Geschäfften, Händeln und Handtwerken... erstmaln durch Thomam Garzonum italianisch zusammengetragen, anjetzo [...] verdeutsch"
=504  \\$aTables of cited authors and topics at pp. xxv-xl
=534  \\$aOriginally published in 1585
=561  \\$aEx libris unidentified coat of arms (plate)
=585  \\$aDisplayed as part of the 'Game On' exhibition during Erfgoeddag on 27 April 2025
=590  \\$anovamente ristampata & posta in luce, da Thomaso Garzoni da Bagnacavallo. Con l'aggiunta di alcune bellissime Annotazioni a discorso per discorso
=648  \0$a16th Century (1501-1600)$1http://www.wikidata.org/entity/Q7017$920944
=650  \0$aHistory$1http://www.wikidata.org/entity/Q309$921403
=650  \0$aEncyclopedia$1http://www.wikidata.org/entity/Q5292$92184
=651  \0$aItaly$1http://www.wikidata.org/entity/Q38$922
=653  \0$aAaron, P.$3443$020139667$w10B03$928410
=653  \0$aacteur$3737-741, 814-817$020139667$w10B03$928462
=653  \0$aalchemie$3138-144$020139667$w10B03$928573
=653  \0$aballet dansen$3443-445$020139667$w10B03$929049
=653  \0$aboekdrukkunst$3124-127, 833-835$020139667$w10B03$929685
=653  \0$aboekverkoper bibliotheek$3830-832$020139667$w10B03$929705
=653  \0$acastraten$3741, 825$020139667$w10B03$930282
=653  \0$aOckeghem$3443$020139667$w10B03$935321
=653  \0$adichters$3919-934$020139667$w10B03$931057
=653  \0$adrank en dronkenschap$3764-773$020139667$w10B03$931199
=653  \0$adrukfouten $3268-274$020139667$w10B03$931222
=653  \0$aPorta, C.$3438$020139667$w10B03$936097
=653  \0$aGafurius, F.$3438$020139667$w10B03$931970
=653  \0$agamba$3440$020139667$w10B03$931995
=653  \0$atempo$3443$020139667$w10B03$936814
=653  \0$aGlareanus, H.$3438$020139667$w10B03$932216
=653  \0$atrompet$3441, 795-797$020139667$w10B03$937194
=653  \0$aVecchi, O. $3T11$020139667$w10B03$937363
=653  \0$aVenetië_16e eeuw$3441$020139667$w10B03$937378
=653  \0$ahumanist$3956-958$020139667$w10B03$932999
=653  \0$aJoodse geleerden$3T12-T18 etc, 148, 223, 247-268, 331, 368, 378, 407$020139667$w10B03$933244
=653  \0$aJosquin$3438, 443$020139667$w10B03$933255
=653  \0$aWert, J. de $3438, 443$020139667$w10B03$937936
=653  \0$akabbalistiek$3247-268$020139667$w10B03$933282
=653  \0$aWillaert, A.$3438$020139667$w10B03$937973
=653  \0$aketter$3532-539$020139667$w10B03$933392
=653  \0$aZarlino$3438$020139667$w10B03$938113
=653  \0$azink$3440$020139667$w10B03$938157
=653  \0$aretorica$3277-283$020139667$w10B03$938388
=653  \0$aRore, C. de$3438$020139667$w10B03$938549
=653  \0$aLasso, O. di $3438$020139667$w10B03$933916
=653  \0$ascheepvaart$3867-881$020139667$w10B03$938808
=653  \0$aschrijvers$3284-289$020139667$w10B03$938964
=653  \0$aslagwerk$3820-822$020139667$w10B03$939152
=653  \0$asnaren_klavecimbel$3849$020139667$w10B03$939196
=653  \0$amise-en-scène$3741-749$020139667$w10B03$939272
=653  \0$aMerulo, C.$3440, 848$020139667$w10B03$934700
=653  \0$amuziek$3431-443, 847-849$020139667$w10B03$934990
=653  \\$aalcohol_distilleren van$3475-478$928578$020139667$w10B03
=653  \\$aarchitect$3756-764$928754$020139667$w10B03
=653  \\$aAsola, M.$3438$928835$020139667$w10B03
=653  \\$aBakfark, V.$3440$929033$020139667$w10B03
=653  \\$abeeldhouwers$3678-683$929350$020139667$w10B03
=653  \\$aBendinelli$3440$929419$020139667$w10B03
=653  \\$aBusnois$3443$930069$020139667$w10B03
=653  \\$adieven/boeven$3802-807, 812-814$931076$020139667$w10B03
=653  \\$aFinck, H.$3438$931713$020139667$w10B03
=653  \\$agokken$3560-565$932263$020139667$w10B03
=653  \\$aGoltzius, H.$3246$932270$020139667$w10B03
=653  \\$agoudsmid$3481-485$932296$020139667$w10B03
=653  \\$ajuwelier$3513-517$933273$020139667$w10B03
=653  \\$akaartenmakers$3311-351$933275$020139667$w10B03
=653  \\$akapper$3855-857$933307$020139667$w10B03
=653  \\$aklokkenmaker$3622-625$933629$020139667$w10B03
=653  \\$akok$3683-691$933666$020139667$w10B03
=653  \\$aLanfranco, G.M.$3443$933887$020139667$w10B03
=653  \\$aLuscinius, O.$3443, 848$934287$020139667$w10B03
=653  \\$amacht van de muziek$3291$934341$020139667$w10B03
=653  \\$amaskers$3645-649$934512$020139667$w10B03
=653  \\$aminaar$3696-703$934767$020139667$w10B03
=653  \\$amuziekinstrumentenbouwers$3847-849$935079$020139667$w10B03
=653  \\$aNewsidler, M.$3440$935218$020139667$w10B03
=653  \\$aschilders$3666-673$938866$020139667$w10B03
=653  \\$aschoolmeester$3719-731$938943$020139667$w10B03
=653  \\$aspiegels$3881-888$936411$020139667$w10B03
=653  \\$aStriggio, A.$3438, 440$936632$020139667$w10B03
=653  \\$aTrasuntino, G.$3849$937080$020139667$w10B03
=653  \\$atuinman$3894-900$937217$020139667$w10B03
=653  \\$aVacca, G. F.$3443$937311$020139667$w10B03
=653  \\$awolhandelaar$3731-737$938041$020139667$w10B03
=653  \\$azeep$3823-825$938118$020139667$w10B03
=700  \\$aAlfonso II d'Este$cDuca di Ferrara$d1533-1597$1http://www.wikidata.org/entity/Q1856074$4dte$926968
=942  \\$cBOO
=952  \\$00$10$2ddc$40$6KTS_1_000000000000000_C2_46_10B03$70$8RAR$92769$aORPH$bORPH$cKTS1_C2$d2020-07-08$eKoopman$l1$oKTS1 C2.46 10B03$p20139667$r2025-07-09 10:52:00$s2025-05-05$w2021-01-12$yBOO
=999  \\$d2769
=533  \\$aDigitized by iGuana, Spring 2025.

