=LDR  01040aam a2200217   4500
=001  2772
=008  221102s1832\\\\||||||||\||||\00|\1\dut\d
=041  \\$adut
=245  \\$aVolksvertellingen en legenden of overleveringen uit de geestenwereld
=260  \\$aRotterdam$bSmit$c1832
=300  \\$a[vi]-188 pages
=561  \\$aEx libris Genootschap Door Vriendschap Werkzaam Gebleven (Stamp and Manuscript)
=648  \0$a19th Century (1801-1900)$1http://www.wikidata.org/entity/Q6955$920935
=650  \0$aMythology$1http://www.wikidata.org/entity/Q9134$921600
=650  \0$aFairy tale$1http://www.wikidata.org/entity/Q699$94594
=650  \0$aFolklore$1http://www.wikidata.org/entity/Q36192$94595
=650  \0$aLiterature$1http://www.wikidata.org/entity/Q8242$94439
=856  \\$uhttps://books.google.be/books?id=NIliAAAAcAAJ$3Google Books
=942  \\$cBOO
=952  \\$00$10$2ddc$40$6KTS_1_000000000000000_C2_46_10B06$70$8RAR$92772$aORPH$bORPH$cKTS1_C2$d2020-07-08$eKoopman$l0$oKTS1 C2.46 10B06$p20139674$r2021-01-12 00:00:00$w2021-01-12$yBOO
=999  \\$d2772

