=LDR  01365    a2200277   4500
=001  2773
=008  221102s1848\\\\||||||||\||||\00|\0\dut\d
=041  \\$adut
=100  \\$aSchotel, Gilles Dionysius Jacobus$d1807-1892$4aut$97080
=245  \\$aLetterkundige bijdragen tot de geschiedenis van den tabak, de koffij en de thee
=260  \\$aThe Hague$bNoordendorp$c1848
=300  \\$a[viii]-213-[3] pages
=561  \\$aEx libris Kaffee Handels Aktiengesellschaft (plate and stamp)
=648  \0$a19th Century (1801-1900)$1http://www.wikidata.org/entity/Q6955$920935
=650  \0$aHistory$1http://www.wikidata.org/entity/Q309$921403
=650  \0$aEconomy$1http://www.wikidata.org/entity/Q159810$921625
=650  \0$aTea$1http://www.wikidata.org/entity/Q6097$923774
=650  \0$aCoffee$1http://www.wikidata.org/entity/Q8486$922589
=650  \0$aTolerance$1http://www.wikidata.org/entity/Q183225$921842
=653  \0$atabak$3wb, 1-128, 208-213$020139675$w10B07$936718
=653  \0$athee$3wb, 179-207$020139675$w10B07$936889
=653  \0$akoffie$3wb, 129-178$020139675$w10B07$933661
=856  \\$uhttps://books.google.be/books?id=qxkbAAAAYAAJ$3Google Books
=942  \\$cBOO
=952  \\$00$10$2ddc$40$6KTS_1_000000000000000_C2_46_10B07$70$8RAR$92773$aORPH$bORPH$cKTS1_C2$d2020-07-08$eKoopman$l0$oKTS1 C2.46 10B07$p20139675$r2021-01-12 00:00:00$w2021-01-12$yBOO
=999  \\$d2773

