=LDR  01120aam a2200229   4500
=001  2777
=008  221102s1845\\\\|||f||||\||||\00|\0\\\\\d
=041  \\$adut
=100  \\$aWolff, J.$4aut$97083
=245  \\$aBeschrijving van de Groote of St. Bavo-Kerk te Haarlem, alsmede van het alomberoemde orgel in dezelve
=260  \\$aHaarlem$bDobben, Gebr. van$c1845
=300  \\$axiv-[iv]-192 pages$b2 lithographies
=500  \\$a2 lithographies by B.B.Blydenstein after H. W. Plaatzer v.d. Hull and W. Nehrlich
=590  \\$aMet platen
=648  \0$a19th Century (1801-1900)$1http://www.wikidata.org/entity/Q6955$920935
=650  \0$aArchitecture$1http://www.wikidata.org/entity/Q12271$93185
=650  \0$aOrganology$1http://www.wikidata.org/entity/Q899293$921400
=651  \0$aHaarlem (Netherlands)$1http://www.wikidata.org/entity/Q9920$921584
=856  \\$uhttps://books.google.be/books?id=k0pUAAAAcAAJ$3Google Books
=942  \\$cBOO
=952  \\$00$10$2ddc$40$6KTS_1_000000000000000_C2_46_10B11$70$8RAR$92777$aORPH$bORPH$cKTS1_C2$d2020-07-08$eKoopman$l0$oKTS1 C2.46 10B11$p20139678$r2021-01-12 00:00:00$w2021-01-12$yBOO
=999  \\$d2777

