=LDR  06429    a2200949   4500
=001  2779
=008  221102s1771\\\\|||fae||\||||\00|\0dita\d
=041  \\$aita
=100  \\$aMaffei, Scipione$d1675-1755$4aut$1http://www.wikidata.org/entity/Q1587432$96886
=245  \\$aLa Verona illustrata$bridotta in compendio, principalmente per uso de' forestieri, con varie aggiunte. $n1-2/2
=260  \\$aVerona$bMoroni$c1771
=300  \\$a2 vols. (LI-[v]-175+173-[6] pages)$binserted folded plates, bound in cardboard cover
=500  \\$aA monumental work dedicated to the history, writers and monuments of Maffei's city: Verona.
=500  \\$a"Verona illustrated reduced in compendium, mainly for the use of foreigners, with various additions"
=500  \\$aIn the present edition for the use of visitors the first volume contains a biography of Maffei, a history of Verona and a description of the ancient Roman amphitheatre, which is illustrated in six plates. The second volume describes and illustrates in seventeen plates some notable sights of the city and its fortifications, and concludes with a brief survey of its literary history.

=500  \\$aThe work is dedicated by 'P.M.' [identified by the RIBA cataloguer as Pietro Montanari, the editor] to Alvise Mocenigo II, Podestà di Verona (1628-1709)
=500  \\$aFrancesco Scipione Maffei was a Venetian writer and art critic,  an antiquarian with a humanist education, and author of many articles and plays.
=500  \\$aSome plates are signed as made by Dall'Acqua.
=500  \\$aSome plates are copied from the 1732 edition, but others are new, e.g. those of the Museo and the Dogana. 
=504  \\$aIncludes index
=534  \\$aVerona Illustrata: Parte Prima "L'istoria della città e insieme dell'antica Venezia" Parte Seconda "L'istoria letteraria o sia notizie de'scrittori veronesi" Parte Terza "La notizia delle cose in Verona più osservabili" Parte Quarta "Il trattato degli anfiteatri, e singolarmente del veronese".$cVerona, Vallarsi e Berno, 1731-1732 
=590  \\$aPremessa in ristretto la Vita del Marchese Scipione Maffei
=648  \0$a18th Century (1701-1800)$1http://www.wikidata.org/entity/Q7015$920899
=650  \0$aHistory$1http://www.wikidata.org/entity/Q309$921403
=650  \0$aBiography$1http://www.wikidata.org/entity/Q36279$91927
=650  \0$aArchitecture$1http://www.wikidata.org/entity/Q12271$93185
=650  \0$aFine art$1http://www.wikidata.org/entity/Q219625$921579
=650  \0$aTragedy$1http://www.wikidata.org/entity/Q80930$924998
=651  \0$aVerona (Italy)$1http://www.wikidata.org/entity/Q2028$921086
=653  \0$aBianchini, F.$3166-168$020139681$w10B13-II$929540
=653  \0$aDante$3144, 145$020139681$w10B13-II$930935
=653  \0$aorgels in Verona$325$020139681$w10B13-II$935591
=653  \0$aOttoboni$3166$020139681$w10B13-II$935648
=653  \0$adichteres$3147, 148$020139681$w10B13-II$931056
=653  \0$atheater$3xvi-xviii, xxii, xlv, xlvi$020139680$w10B13$936885
=653  \0$aVinci, L. da $386$020139681$w10B13-II$937562
=653  \0$aZeno, A.$3xxxvi, l$020139680$w10B13$938130
=653  \0$aRubens$333$020139681$w10B13-II$938616
=653  \0$aMaffei, S.$3biografie, v-li$020139680$w10B13$934358
=653  \\$aBeccaria, A.$3149$929308$020139681$w10B13-II
=653  \\$abeschilderde orgelluiken$325$929489$020139681$w10B13-II
=653  \\$aCatullus$3129, 130$95894$020139681$w10B13-II
=653  \\$aDorigny$356, 68$931161$020139681$w10B13-II
=653  \\$aGuarino$3146, 147$932459$020139681$w10B13-II
=653  \\$aintarsia$389$933092$020139681$w10B13-II
=653  \\$aPlinius$3133, 134$936032$020139681$w10B13-II
=653  \\$aSan Michele$3161-163$938730$020139681$w10B13-II
=653  \\$aVerona_Arena$3109-176$937426$020139680$w10B13
=653  \\$aVerona_Castillo$340, 41$937427$020139681$w10B13-II
=653  \\$aVerona_Dom$324-26$937428$020139681$w10B13-II
=653  \\$aVerona_Gran guardia$341 afb$937429$020139681$w10B13-II
=653  \\$aVerona_Museo lapidario$360-62 afb$937431$020139681$w10B13-II
=653  \\$aVerona_Palazzo bevilacqua$332-38, 40 afb$937432$020139681$w10B13-II
=653  \\$aVerona_Palazzo giusti$386-88$937433$020139681$w10B13-II
=653  \\$aVerona_Palazzo maffei$370 + afb$937434$020139681$w10B13-II
=653  \\$aVerona_Porta borsari$310-12, 31$937435$020139681$w10B13-II
=653  \\$aVerona_Porta leone$312-15$937436$020139681$w10B13-II
=653  \\$aVerona_S. Anastasia$320-23$937437$020139681$w10B13-II
=653  \\$aVerona_S. Bernardino$349, 50 afb$937438$020139681$w10B13-II
=653  \\$aVerona_S. Eufemia$331$937439$020139681$w10B13-II
=653  \\$aVerona_S. Fermo$366, 67$937440$020139681$w10B13-II
=653  \\$aVerona_S. Giorgio$378, 79$937441$020139681$w10B13-II
=653  \\$aVerona_S. Giovanni in Fonte$327, 28$937442$020139681$w10B13-II
=653  \\$aVerona_S. Giovanni in Valle$384-86$937443$020139681$w10B13-II
=653  \\$aVerona_S. Maria in organo$388-90$937444$020139681$w10B13-II
=653  \\$aVerona_S. Nazaro e Celsi$390-93$937445$020139681$w10B13-II
=653  \\$aVerona_S. Procolo$342, 43$937446$020139681$w10B13-II
=653  \\$aVerona_S. Stefano$380, 81$937447$020139681$w10B13-II
=653  \\$aVerona_S. Tommaso$398, 99$937448$020139681$w10B13-II
=653  \\$aVerona_S. Zeno$341, 43-49, 136$937449$020139681$w10B13-II
=653  \\$aVerona_Storia letteraria$3127$937450$020139681$w10B13-II
=653  \\$aVerona_Teatro$362$937451$020139681$w10B13-II
=653  \\$aVerona_Teatro romano$38, 9$937453$020139681$w10B13-II
=653  \\$aVitruvius$3131, 152$922019$020139681$w10B13-II
=700  \\$4egr$aDall'Acqua, Cristoforo $d1734-1787$1http://www.wikidata.org/entity/Q5186480$925244
=856  \\$uhttps://books.google.be/books?id=8G05AAAAcAAJ$3Google Books
=856  \\$uhttps://archive.org/details/laveronaillustra02maff/page/n4$3Internet Archive
=856  \\$uhttps://openlibrary.org/works/OL1130999W/La_Verona_illustrata$3
=942  \\$cBOO
=952  \\$00$10$2ddc$3vol. 1$40$6KTS_1_000000000000000_C2_46_10B13I$70$8RAR$92779$aORPH$bORPH$cKTS1_C2$d2020-07-08$eKoopman$l0$oKTS1 C2.46 10B13-I$p20139680$r2021-01-12 00:00:00$w2021-01-12$yBOO
=952  \\$00$10$2ddc$3vol. 2$40$6KTS_1_000000000000000_C2_46_10B13II$70$8RAR$922218$aORPH$bORPH$cKTS1_C2$d2020-07-08$eKoopman$l0$oKTS1 C2.46 10B13-II$p20139681$r2022-11-02 00:00:00$w2021-01-12$yBOO
=999  \\$d2779

