=LDR  01341aam a2200241   4500
=001  2781
=008  221103s1803\\\\||||||||\||||\00|\0\dut\d
=041  \\$adut
=245  \\$aTer gelegenheid dat het orgel, in de kerk der Nederduitsche protestanten, te Vianen, werd ingewijd den 30sten october 1803
=260  \\$aVianen [?]$bs.n.$c1803
=300  \\$a8 pages
=500  \\$aSigned by M: C: v: H: (Author)
=500  \\$aThe first organ in the Grote Kerk in Vianen was built by Abraham Meere in Empire style and dates from 1803. It consisted of an organ with main work, upper work and attached peda
=501  \\$aBound in with G. van Duijl's 'Feestzang bij gelegenheid van de vijftig-jarige evengeliedienst'
=648  \0$a19th Century (1801-1900)$1http://www.wikidata.org/entity/Q6955$920935
=650  \0$aPoetry$1http://www.wikidata.org/entity/Q482$93026
=650  \0$aReligion$1http://www.wikidata.org/entity/Q9174$93062
=650  \0$aPrayer$1http://www.wikidata.org/entity/Q40953$921486
=650  \0$aOrgan$1http://www.wikidata.org/entity/Q1444$92810
=651  \0$aVianen (Netherlands)$1http://www.wikidata.org/entity/Q10052$925248
=942  \\$cBOO
=952  \\$00$10$2ddc$40$6KTS_1_000000000000000_C2_46_10B16A$70$8RAR$92781$aORPH$bORPH$cKTS1_C2$d2020-07-08$eKoopman$l0$oKTS1 C2.46 10B16a$p20139683$r2021-01-12 00:00:00$w2021-01-12$yBOO
=999  \\$d2781

