=LDR  01342aam a2200241   4500
=001  2783
=008  221103s1634\\\\|||a||||\||||\00|\p\dut\d
=041  \\$adut
=100  \\$aKrul, Jan Harmenszoon$d1601-1646$4aut$1http://www.wikidata.org/entity/Q2119242$94896
=245  \\$aEenighe bruylofts-ghedichten
=260  \\$aAmsterdam$bSlyp$c1634
=300  \\$a30 pages$bengraved title page
=500  \\$aJan Harmenszoon Krul was a Dutch Catholic playwright. His portrait was painted in 1633 by Rembrandt. Krul founded the Amsterdamsche Musijck Kamer, devoted to the cultivation of music drama.
=500  \\$aPart of 'Eerlycke tytkorting, bestaende in verscheyde rymen', see 26D19
=648  \0$a17th Century (1601-1700)$1http://www.wikidata.org/entity/Q7016$920923
=650  \0$aPoetry$1http://www.wikidata.org/entity/Q482$93026
=650  \0$aMoral education$1http://www.wikidata.org/entity/Q25457248$93171
=650  \0$aEmblem$1http://www.wikidata.org/entity/Q112110$93250
=651  \0$aNetherlands$1http://www.wikidata.org/entity/Q55$9173
=856  \\$uhttps://archive.org/details/eerlycketytkorti01krul/page/n4/mode/2up$3Internet Archive
=942  \\$cBOO
=952  \\$00$10$2ddc$40$6KTS_1_000000000000000_C2_46_10B17$70$8RAR$92783$aORPH$bORPH$cKTS1_C2$d2020-07-08$eKoopman$l0$oKTS1 C2.46 10B17$p20139685$r2021-01-12 00:00:00$w2021-01-12$yBOO
=999  \\$d2783

