=LDR  01271adm a2200265   4500
=001  2784
=008  210325s1827\\\\\\\||kf|\||||\00|\0\mul\d
=041  \\$aita$dlat
=059  \\$aSAB
=100  \\$97087$aDreyer, Johann Melchior$4att
=245  \\$aMissa ex D$ba Canto, Alto Basso, Violino Primo e Secundo con Organo
=260  \\$aNetherlands$c1827
=300  \\$a10 pages
=500  \\$aCanto, Alto and Basso parts only
=533  \\$aDigitized by iGuana, Spring 2022
=561  \\$aEx libris "a me J. M. Holzinger pg 27 Stuben" (manuscript)
=648  \0$a19th Century (1801-1900)$1http://www.wikidata.org/entity/Q6955$920935
=650  \0$aMass$1http://www.wikidata.org/entity/Q217295$92735
=650  \0$aVocal music$1http://www.wikidata.org/entity/Q685884$93319
=651  \0$aNetherlands$1http://www.wikidata.org/entity/Q55$9173
=856  \\$uhttps://uv-v4.netlify.app/#?manifest=https://sharedcanvas.be/IIIF/manifests/71978e94-4a13-11ed-8178-b4e7968412c9$3IIIF
=856  \\$uhttps://sharedcanvas.be/IIIF/manifests/71978e94-4a13-11ed-8178-b4e7968412c9$3IIIF manifest
=942  \\$cMS
=952  \\$00$10$2ddc$40$6KTS_1_000000000000000_C2_46_10B18$70$8RAR$92784$aORPH$bORPH$cKTS1_C2$d2020-07-08$eKoopman$oKTS1 C2.46 10B18$p20136163$r2021-01-12 00:00:00$w2021-01-12$yMS
=999  \\$d2784

