=LDR  01977aam a2200409   4500
=001  2785
=008  221103s1885\\\\||||||||\||||\00|\0dger\d
=041  \\$ager
=100  \\$aPrieger, Karl$4edt$97088
=245  \\$aUrtheile berühmter Dichter, Philosophen und Musiker über Mozart
=260  \\$aWiesbaden$bRodrian$c1885
=300  \\$a62 pages
=600  \0$aMozart, Wolfgang Amadeus$d1756-1791$1http://www.wikidata.org/entity/Q254$95341
=648  \0$a18th Century (1701-1800)$1http://www.wikidata.org/entity/Q7015$920899
=648  \0$a19th Century (1801-1900)$1http://www.wikidata.org/entity/Q6955$920935
=650  \0$aComposer$1http://www.wikidata.org/entity/Q36834$93625
=650  \0$aLegacy$1http://www.wikidata.org/entity/Q623282$922131
=651  \0$aAustria$1http://www.wikidata.org/entity/Q40$9202
=653  \0$aBeethoven$327, 28$020139686$w10B19$929355
=653  \0$aDittersdorf$327$020139686$w10B19$931118
=653  \0$aSpohr, L.$332-34$020139686$w10B19$936436
=653  \0$aGoethe$311-14$020139686$w10B19$932262
=653  \0$aHaydn, J.$325, 26$020139686$w10B19$932639
=653  \0$aWagner, R. $339-46$020139686$w10B19$937844
=653  \0$aWeber, C. M. v.$328-31$020139686$w10B19$937881
=653  \0$aRossini$349, 50$020139686$w10B19$938572
=653  \0$aSchubert, F.$331$020139686$w10B19$938976
=653  \0$aSchumann, R.$339$020139686$w10B19$938993
=653  \0$aMendelssohn, F.$336-38$020139686$w10B19$934651
=653  \0$aMozart, W.A.$3wb$020139686$w10B19$934927
=653  \0$aMozart, W.A._na dood$311$020139686$w10B19$934933
=653  \\$aHauptmann, M.$334-36$932620$020139686$w10B19
=653  \\$aSchopenhauer, A.$319, 20, 53, 54$938948$020139686$w10B19
=856  \\$uhttps://books.google.be/books?id=1RU-uAAACAAJ$3Google Books
=942  \\$cBOO
=952  \\$00$10$2ddc$40$6KTS_1_000000000000000_C2_46_10B19$70$8RAR$92785$aORPH$bORPH$cKTS1_C2$d2020-07-08$eKoopman$l0$oKTS1 C2.46 10B19$p20139686$r2021-01-12 00:00:00$w2021-01-12$yBOO
=999  \\$d2785

