=LDR  05440    a2200541   4500
=001  2786
=008  220512i17551779|||ag|||\||||\00|\0\ger\d
=041  \\$ager
=059  \\$aSSB bc/org
=245  \\$aNeujahrsblätter der Gesellschaft auf dem Musicsaal der Teutschen Schule$nnos. XLIII – XLVI – XLVII – XLVIII – L – LI – LII – LIII – LIV – LV – LVI – LVII – LVIII – LIX – LX – LXI – LXII – LXIII – LXIV – LXV – LXVI – LXVII
=260  \\$aZürich$bDeutsche Schule$c1755; 1758-1760; 1762-1779
=300  \\$a220 pages$b22 frontispiece engravings, music
=500  \\$aSee 04J20, 04J21, 11H13, 26D03, G1-027 and G1-028 for similar collections, or TOP CH.ZUR 5 for facsimiles of the plates
=500  \\$a22 beautiful full-page frontispiece engravings by Johann Rudolf Holzhalb
=500  \\$aMust be part of larger collection, as pagination starts at 337 and ends at 538, with some gaps in between.
=500  \\$aManuscript notes in red pencil on front matter
=505  \\$gDie mit Traurigkeit vermischte Freude, bei der Grundlegung des zweiten Tempels zu Jerusalem/ TAB.XLIII 1755 -- Die Einweyhung der unfer der Aufsicht erbauten Mauren Jerusalems/TAB.XLVI 1758 -- Der Gottlosen Theil in diesem Leben.../TAB.XLVII 1759 -- Die Vortreflichkeit der Psalmen Davids.../TAB.XLVIII 1760 -- Die Englische Music und Lobpreisungen Gottes/TAB.L 1762 -- Die zur Verherrlichung des Lamms vereinigten Chöre.../TAB.LI 1763 -- Die Stimme des Klagens und Waeinens in Rama/TAB.LII 1764 -- Die feyrliche Darstellung des Kindleins Jesu.../TAB.LIII 1765 -- Die Gottheit Jesu Christi.../TAB.LIV 1766 -- Die Ankündigung der Seligkeit für die Armen im Geist/TAB.LV 1767 -- Die Ankündigung der Seligkeitfür die Traurenden/TAB.LVI 1768 -- Die Ankündigung der Seligkeit für die Sanftmüthigen/TAB.LVII 1769 -- Die Ankündigung der Seligkeit für die, welche nach der Berechtigkeit hungern und dursten/TAB.LVIII 1770 -- Die Ankündigung der Seligkeit für die Barmherzigen/TAB.LIX 1771 -- Die Ankündigung der Seligkeit für die, welche reines Herzens sind/TAB.LX 1772 -- Die Ankündigung der Seligkeit für die Friedfertigen/TAB.LXI 1773 -- Die Ankündigung der Seligkeit für die, welche um Christi und um der Grechtigkeit.../TAB.LXII 1774 -- Das Vertrauen zu Gott die beste Schüzwehr/TAB.LXIII 1775 -- Der Frühling der Natur/TAB.LXIV 1776 -- Der Sommer in seiner Pracht/TAB.LXV 1777 -- Der Herbst .../TAB.LXVI 1778 -- Die Betrachtung des Winters.../TAB.LXVII 1779



=520  \\$aIn the 17th century music in Zürich was dominated by three collegia musica: the first was ‘zum Chorherrensaal’, followed by the ‘ab dem Musiksaal’ (from 1613) and ‘zur deutschen Schule’ (from 1679). Initially they were concerned only with sacred music, but later also performed contemporary German and Italian secular music. The three societies merged in 1812 to form the Allgemeine Musikgesellschaft Zürich (AMGZ), which since 1813 has produced books on musical subjects in a series of ‘Neujahrsblättern’, the successors to a series of New Year collections of polyphonic pieces published by two of the collegia musica from 1685 and 1713 respectively.
=563  \\$aCardboard cover
=610  \0$aAllgemeine Musikgesellschaft Zürich (Switzerland)$1http://www.wikidata.org/entity/Q2648827$921129
=648  \0$a18th Century (1701-1800)$1http://www.wikidata.org/entity/Q7015$920899
=650  \0$aMusic history$1http://www.wikidata.org/entity/Q846047$921373
=650  \0$aEducation$1http://www.wikidata.org/entity/Q8434$926206
=650  \0$aPoetry$1http://www.wikidata.org/entity/Q482$93026
=650  \0$aVocal music$1http://www.wikidata.org/entity/Q685884$93319
=650  \0$aReligion$1http://www.wikidata.org/entity/Q9174$93062
=650  \0$aInstitution$1http://www.wikidata.org/entity/Q178706$94241
=650  \0$aNew Testament$1http://www.wikidata.org/entity/Q18813$924596
=651  \0$aZürich (Switzerland)$1http://www.wikidata.org/entity/Q72$921130
=653  \0$a??$3335, 359, 482 afb$020139687$w10B20$928331
=653  \0$aorgel_Zwitserland, 18e eeuw$3410 afb$020139687$w10B20$935526
=653  \0$adansen$3368 afb$020139687$w10B20$930928
=653  \0$adwarsfluit$3512?, 514 afb$020139687$w10B20$931340
=653  \0$adynamiek$3454, 455$020139687$w10B20$931346
=653  \0$afagot$3512?$020139687$w10B20$931585
=653  \0$atabak$3506 afb, 514 afb$020139687$w10B20$936718
=653  \0$atrompet$3410 afb$020139687$w10B20$937194
=653  \0$aharp$3335, 359, 368 afb, 376 afb, 401 afb$020139687$w10B20$932582
=653  \0$ahobo$3512, 514$020139687$w10B20$932805
=653  \0$ahoboriet$3512, 514$020139687$w10B20$932814
=653  \0$aviool$3368$020139687$w10B20$937605
=653  \0$akoor/orkestopstelling$3410 afb$020139687$w10B20$933679
=653  \0$aslagwerk$3359, 368 afb, 514$020139687$w10B20$939152
=653  \0$ameer benutten zelfde partituur$3340, 341, 364, 365, 372, 373, 380, 398-402, 406, 414-417, 422-425, 430-433, 438-441, 446, 447, 454-457, 462, 470-473, 478-481, 486-489, 494-497, 500-503, 508-511, 516-519, 524-527, 534-537$020139687$w10B20$934589
=700  \\$4egr$aHolzhalb, Johann Rudolph$d1723-1806$1http://www.wikidata.org/entity/Q48335811$98117
=942  \\$cBOO
=952  \\$00$10$2ddc$40$6KTS_1_000000000000000_C2_46_10B20$70$8RAR$92786$aORPH$bORPH$cKTS1_C2$d2020-07-08$eKoopman$oKTS1 C2.46 10B20$p20139687$r2021-01-12 00:00:00$w2021-01-12$yBOO
=999  \\$d2786

