=LDR  01867aam a2200313   4500
=001  2787
=005  20251029110828.0
=008  221103i17821792||||||||\||||\00|\m\dut\d
=041  \\$adut
=100  \\$aFeith, Rhijnvis$d1753-1824$4aut$1http://www.wikidata.org/entity/Q1375304$95084
=245  \\$aBrieven over verscheide onderwerpen$n1-6/6
=250  \\$a2nd ed.
=260  \\$aAmsterdam$bAllart$c1787-92
=300  \\$a3 vols. ([xii]-203-[viii]-191 + [vi]-209-[vi]-237 + [vi]-223-viii-232 pages)
=500  \\$a6 volumes in 3
=500  \\$aoriginally 'Brieven over verscheidene onderwerpen' (1784-93)
=500  \\$aRhijnvis Feith (1753-1824) was a poet from Zwolle who studied law in Leiden together with Willem Bilderdijk, by whom he was influenced
=648  \0$a18th Century (1701-1800)$1http://www.wikidata.org/entity/Q7015$920899
=650  \0$aHistory$1http://www.wikidata.org/entity/Q309$921403
=650  \0$aLiterature$1http://www.wikidata.org/entity/Q8242$94439
=651  \0$aNetherlands$1http://www.wikidata.org/entity/Q55$9173
=856  \\$uhttps://dbnl.nl/tekst/feit007brie01_01/$3vol.1-2
=856  \\$uhttps://dbnl.nl/tekst/feit007brie03_01/$3vol. 3-4
=856  \\$uhttps://dbnl.nl/tekst/feit007brie05_01/$3vol. 5-6
=942  \\$cBOO
=952  \\$00$10$2ddc$3vol. 1-2$40$6KTS_1_000000000000000_C2_46_10B21_01$70$8RAR$92787$aORPH$bORPH$cKTS1_C2$d2020-07-08$eKoopman$l0$oKTS1 C2.46 10B21_01$p20139700$r2021-01-12 00:00:00$w2021-01-12$yBOO
=952  \\$00$10$2ddc$3vol. 3-4$40$6KTS_1_000000000000000_C2_46_10B21_02$70$8RAR$922236$aORPH$bORPH$cKTS1_C2$d2020-07-08$eKoopman$l0$oKTS1 C2.46 10B21_02$p20139701$r2022-11-03 00:00:00$w2021-01-12$yBOO
=952  \\$00$10$2ddc$3vol. 5-6$40$6KTS_1_000000000000000_C2_46_10B21_03$70$8RAR$922237$aORPH$bORPH$cKTS1_C2$d2020-07-08$eKoopman$l0$oKTS1 C2.46 10B21_03$p20139702$r2022-11-03 00:00:00$w2021-01-12$yBOO
=999  \\$d2787

