=LDR  12955aam a2202173   4500
=001  2790
=008  221108m17911796|||g||||\||||\00|\0\ita\d
=041  \\$aita
=100  \\$aGaleazzi, Francesco$d1758-1819$4aut$1http://www.wikidata.org/entity/Q1441041$97091
=245  \\$aElementi teorico-pratici di musica$bcon un saggio sopra l'arte di suonare il violino analizzata, ed a dimostrabili principi ridotta
=246  \1$aElementi di musica
=250  \\$a1st ed.
=260  \\$aRome$bChracas$c1791$bPuccinelli$c1796
=300  \\$a2 vols. (252-[11]+ 316-[7] pages)$bfold-outs, music examples
=500  \\$aFrancesco Galeazzi worked as a violin teacher and for more than a decade as director of the Teatro Valle music theatre in Rome. His two-volume music-theoretical work "Elementi teorico-pratici di musica con un saggio sopra l'arte di suonare il violino analizzata, ed a dimostrabili principi ridotta", is a very important source on, among others, key characteristics, and an important key to understanding the classical musical style; an expanded edition appeared in 1819 and an English translation as early as 1796. It contains the earliest descriptions of the sonata form. In addition to music, Galeazzi was also concerned with mathematics and other sciences, with geography and history. Among Galeazzi's compositions, several duet collections, a collection of string trios and vocal works are known; he also composed an opera. 
=563  \\$aPaper binding
=590  \\$aOpera utilissima a chiunque vuol applicare con prifitto alla musica, e specialmente a' principianti, dilettanti, e professori di violino
=648  \0$a18th Century (1701-1800)$1http://www.wikidata.org/entity/Q7015$920899
=650  \0$aMusic theory$1http://www.wikidata.org/entity/Q193544$92662
=650  \0$aMusic history$1http://www.wikidata.org/entity/Q846047$921373
=650  \0$aHarmony$1http://www.wikidata.org/entity/Q184421$92358
=650  \0$aCounterpoint$1http://www.wikidata.org/entity/Q186393$921487
=650  \0$aMethod$1http://www.wikidata.org/entity/Q2250960$921402
=650  \0$aInstrumentation$1http://www.wikidata.org/entity/Q617028$923032
=650  \0$aViolin$1http://www.wikidata.org/entity/Q8355$92783
=651  \0$aItaly$1http://www.wikidata.org/entity/Q38$922
=653  \0$aa =$382$020139709$w10C01_01$928388
=653  \0$aaccentuatie in maat$3205-207$020139709$w10C01_01$928445
=653  \0$aacciaccatura$382$020139710$w10C01_02$928450
=653  \0$aafwisseling$3197, 199-202$020139709$w10C01_01$928514
=653  \0$aakoestiek$3217-226$020139709$w10C01_01$928552
=653  \0$aakoestiek$3ix-xi, 72-80$020139710$w10C01_02$928552
=653  \0$aappoggiatura$344, 128, 191-193, 209, Tav iii + xi$020139709$w10C01_01$928737
=653  \0$aarpeggio$3181-190, Tav v+x$020139709$w10C01_01$928797
=653  \0$aartikulatie$345, 157-159, 161-167, 199, Tav v-viii, xi$020139709$w10C01_01$928817
=653  \0$aArtusi$3v, vi$020139710$w10C01_02$928829
=653  \0$aBach, C.P.E.$3284$020139710$w10C01_02$928902
=653  \0$aBach, J.Chr.$3284$020139710$w10C01_02$928919
=653  \0$abasse fondamental$3vii-xi, xiv, 87-119, 141 etc.$020139710$w10C01_02$929155
=653  \0$aBoccherini, L.$3230$020139709$w10C01_01$929654
=653  \0$aBoccherini, L.$3282, 286$020139710$w10C01_02$929654
=653  \0$abc$3229$020139709$w10C01_01$929236
=653  \0$abc$3306$020139710$w10C01_02$929236
=653  \0$aBonanni, F.$32$020139709$w10C01_01$929748
=653  \0$abegeleiding en dynamiek$3228, 229$020139709$w10C01_01$929361
=653  \0$aBontempi$3217$020139710$w10C01_02$929764
=653  \0$acadens$3235, 236$020139709$w10C01_01$930106
=653  \0$achronomètre$336$020139709$w10C01_01$930467
=653  \0$aCimarosa, D.$3xxv, 219, 275, 302$020139710$w10C01_02$930483
=653  \0$amuziekgeschiedenis$31-63$020139710$w10C01_02$935073
=653  \0$aNardini, P.$379$020139709$w10C01_01$935148
=653  \0$acomponeren$3310$020139710$w10C01_02$930621
=653  \0$acomponist als dirigent$3226$020139709$w10C01_01$930631
=653  \0$aconcertmeester$3210, 211, 213-227$020139709$w10C01_01$930661
=653  \0$acontrabas$3312$020139710$w10C01_02$930692
=653  \0$acontrapunt$3119-235$020139710$w10C01_02$930699
=653  \0$aCorelli, A.$359, 61, 202$020139709$w10C01_01$930736
=653  \0$aCorelli, A.$3238, 288$020139710$w10C01_02$930736
=653  \0$acresc./decresc.$346, 47$020139709$w10C01_01$930841
=653  \0$aorkestbezetting$3212, 215, 222, 223$020139709$w10C01_01$935611
=653  \0$aorkestmuzikant$3197, 207-227$020139709$w10C01_01$935613
=653  \0$aoude muziek vroeger$358, 59$020139709$w10C01_01$935658
=653  \0$adiminuties$3195-197, 199-201, 209, Tav xi$020139709$w10C01_01$931087
=653  \0$adirigent$358, 197, 225-227$020139709$w10C01_01$931092
=653  \0$aDoni$3v, vi$020139710$w10C01_02$931141
=653  \0$aPenna, L.$33$020139709$w10C01_01$935844
=653  \0$aPenna, L.$3vi$020139710$w10C01_02$935844
=653  \0$adrukfouten $3251, 252$020139709$w10C01_01$931222
=653  \0$adubbelslag$344, 45, 193, Tav iii + xi$020139709$w10C01_01$931248
=653  \0$aPerti, G.$3113$020139709$w10C01_01$935870
=653  \0$aDurante$3117$020139710$w10C01_02$931319
=653  \0$adwarsfluit$3312, 313, Tav vii$020139710$w10C01_02$931340
=653  \0$adynamiek$346, 47, 197, 202-204, 209, 210$020139709$w10C01_01$931346
=653  \0$aPleyel, I.$3230$020139709$w10C01_01$936029
=653  \0$aemoties$3197$020139709$w10C01_01$931445
=653  \0$aPorta, C.$334$020139710$w10C01_02$936097
=653  \0$aportamento$356, 57, 127, 129-131, 136, 137, 139, 140, 208, Tav iii, vi-viii, xi$020139709$w10C01_01$936099
=653  \0$aEuler$3xxv, 106$020139710$w10C01_02$931547
=653  \0$aEuler, L.$31, 103$020139709$w10C01_01$931549
=653  \0$aEximeno, A.$34, 64, 130$020139710$w10C01_02$931565
=653  \0$aprima vista$3230, 231$020139709$w10C01_01$936203
=653  \0$apubliek$3232$020139709$w10C01_01$936257
=653  \0$aPugnani, G.$3112, 221, 222$020139709$w10C01_01$936260
=653  \0$apunt =$339$020139710$w10C01_02$936270
=653  \0$afermate$346$020139709$w10C01_01$931664
=653  \0$aflageoletten$345, 172-177, Tav ix$020139709$w10C01_01$931743
=653  \0$astemmen van orkest$3227, 228$020139709$w10C01_01$936554
=653  \0$astemmen van viool$382, 83$020139709$w10C01_01$936558
=653  \0$astreektechniek$345, 54, 59, 93-101, 147-167, 197, 201, 224, 225$020139709$w10C01_01$936623
=653  \0$aFrescobaldi, G.$334$020139710$w10C01_02$931903
=653  \0$astrijkstok$376-80$020139709$w10C01_01$936635
=653  \0$aFux$3vi$020139710$w10C01_02$931954
=653  \0$aGaffurius$3vi$020139710$w10C01_02$931966
=653  \0$aTartini, G.$361, 157, 195$020139709$w10C01_01$936753
=653  \0$aTartini, G.$3vi, viii, xi, 71$020139710$w10C01_02$936753
=653  \0$atasto solo$3306$020139710$w10C01_02$936760
=653  \0$atemperatuur$3104-122$020139709$w10C01_01$936807
=653  \0$atempo$336, 57, 214$020139709$w10C01_01$936814
=653  \0$aGiardini$3113$020139709$w10C01_01$932181
=653  \0$aTessarini, C.$38, 81$020139709$w10C01_01$936871
=653  \0$atoevoegen van trillers etc. $3190, 195, 209$020139709$w10C01_01$936991
=653  \0$atoonaardkarakteristiek$3293-295$020139710$w10C01_02$937025
=653  \0$atr[emblement] lié$3195, Tav xi$020139709$w10C01_01$937056
=653  \0$aHändel, G.F.$3284$020139710$w10C01_02$932536
=653  \0$atrompet$3227$020139709$w10C01_01$937194
=653  \0$atrompet$3315, 316, Tav vii$020139710$w10C01_02$937194
=653  \0$ahars$379$020139709$w10C01_01$932594
=653  \0$aVanhal$3230$020139709$w10C01_01$937345
=653  \0$aHaydn, J.$3230$020139709$w10C01_01$932639
=653  \0$aHaydn, J.$3xxv, 124, 219, 284, 286, 289$020139710$w10C01_02$932639
=653  \0$avibrato$3151$020139709$w10C01_01$937531
=653  \0$ahobo$3102, 216, 220$020139709$w10C01_01$932805
=653  \0$ahobo$3x, 74, 305, 312, Tav vii$020139710$w10C01_02$932805
=653  \0$aviool$363-76, 80, 81$020139709$w10C01_01$937605
=653  \0$avioolhouding$383-101$020139709$w10C01_01$937615
=653  \0$aimprovisatie$3237-239$020139709$w10C01_01$933059
=653  \0$ainterpretatie vroeger/nu$3190, 191, 197-204$020139709$w10C01_01$933104
=653  \0$azang_als voorbeeld$3197, 198, 201$020139709$w10C01_01$938080
=653  \0$aKircher, A.$31, 15, 72$020139709$w10C01_01$933414
=653  \0$aKircher, A.$3v, 4, 27, 120, 217$020139710$w10C01_02$933414
=653  \0$aKirnberger$3xix$020139710$w10C01_02$933423
=653  \0$aZarlino$3v, vi, 120$020139710$w10C01_02$938113
=653  \0$azuiverheid$349, 51, 54, 55, 73, 101-122, Tav iv$020139709$w10C01_01$938176
=653  \0$aRameau, J.Ph.$3115$020139709$w10C01_01$938230
=653  \0$aRameau, J.Ph.$3vi, viii, xi, xiv, 71, 95$020139710$w10C01_02$938230
=653  \0$akoor/orkestopstelling$3215-227, Tav iv$020139709$w10C01_01$933679
=653  \0$akwint/oktaafparallellen$3116, 129-136, 156, 296$020139710$w10C01_02$933824
=653  \0$aRousseau$3112, 114, 123 etc.$020139709$w10C01_01$938592
=653  \0$aRousseau, J.J.$3ix, 216, 217$020139710$w10C01_02$938595
=653  \0$alargo$336$020139709$w10C01_01$933911
=653  \0$asalaris$3214$020139709$w10C01_01$938697
=653  \0$alengte van appoggiatura$3191, Tav xi$020139709$w10C01_01$934038
=653  \0$aLeo, L.$3117$020139710$w10C01_02$934052
=653  \0$aSarti$3302$020139710$w10C01_02$938760
=653  \0$alesgeven$351-62$020139709$w10C01_01$934068
=653  \0$aLolli$3113$020139709$w10C01_01$934191
=653  \0$aschleiffer$344, 193, Tav iii + xi$020139709$w10C01_01$938873
=653  \0$aSirmen, Mad.$34$020139709$w10C01_01$939141
=653  \0$aManfredini, V.$32, 9, 114, 193$020139709$w10C01_01$934429
=653  \0$aMarcello, B.$334$020139710$w10C01_02$934447
=653  \0$asnaren_viool$371-76$020139709$w10C01_01$939202
=653  \0$aMartini, Padre$3110$020139709$w10C01_01$934501
=653  \0$aMartini, Padre$3ii, iii, 8, 120, 211, 217, 218, 220$020139710$w10C01_02$934501
=653  \0$ameerkorigheid$3226$020139710$w10C01_02$934594
=653  \0$amensuurtekens$335-40$020139710$w10C01_02$934669
=653  \0$aMersenne$3110$020139709$w10C01_01$934691
=653  \0$aMersenne$3vi$020139710$w10C01_02$934691
=653  \0$aMicheli, R.$3217$020139710$w10C01_02$934748
=653  \0$aMorales, C.$334$020139710$w10C01_02$934865
=653  \0$amordent$344, 45, 193, Tav iii + xi$020139709$w10C01_01$934868
=653  \\$aAmati, fam.$380$928645$020139709$w10C01_01
=653  \\$abovensecunde triller$345, 194, Tav xi$929855$020139709$w10C01_01
=653  \\$aCapalti, Fr.$3120$930215$020139710$w10C01_02
=653  \\$adilletant-profi$3212, 213$931083$020139709$w10C01_01
=653  \\$aenharmoniek$3196$931476$020139709$w10C01_01
=653  \\$aenharmoniek$317-20, 42, 43$931476$020139710$w10C01_02
=653  \\$afranse vioolsleutel$325$931892$020139709$w10C01_01
=653  \\$aGasparini$32$932014$020139709$w10C01_01
=653  \\$aGuarneri$380$932461$020139709$w10C01_01
=653  \\$ahoorn$3315, 316, Tav vii$932928$020139710$w10C01_02
=653  \\$ainterpretatiedwang van componist$3190, 191, 209, 214$933107$020139709$w10C01_01
=653  \\$aklarinet$3313, 314$933442$020139710$w10C01_02
=653  \\$aMancini, G. B.$32, 235$934413$020139709$w10C01_01
=653  \\$aPaisiello, G.$3xxv, 219, 302$935718$020139710$w10C01_02
=653  \\$aPalestrina$358, 61$935723$020139709$w10C01_01
=653  \\$aPalestrina$334, 117, 119, 125$935723$020139710$w10C01_02
=653  \\$aPergolesi$3117, 238$935854$020139710$w10C01_02
=653  \\$aRuggeri$380$938632$020139709$w10C01_01
=653  \\$aSacchi, G.$3130$938664$020139710$w10C01_02
=653  \\$aSauveur$3ix, x$938774$020139710$w10C01_02
=653  \\$asforzato$347$939085$020139709$w10C01_01
=653  \\$asolmisatielettergrepen$343-46$936345$020139710$w10C01_02
=653  \\$aStainer$380$936496$020139709$w10C01_01
=653  \\$aStradivarius, A.$380$936618$020139709$w10C01_01
=653  \\$atempo houden met de voet$357, 58$936821$020139709$w10C01_01
=653  \\$aTevo$3vi$936878$020139710$w10C01_02
=653  \\$aValentini, P.F.$3218$937319$020139710$w10C01_02
=653  \\$avioolspel$3wb$937619$020139709$w10C01_01
=856  \\$uhttps://www.loc.gov/item/07034213/$3IIIF
=856  \\$uhttps://www.loc.gov/item/07034213/manifest.json$3IIIF manifest
=942  \\$cBOO
=952  \\$00$10$2ddc$3vol. 1$40$6KTS_1_000000000000000_C2_47_10C01_01$70$8RAR$92790$aORPH$bORPH$cKTS1_C2$d2020-07-08$eKoopman$l0$oKTS1 C2.47 10C01_01$p20139709$r2021-01-12 00:00:00$w2021-01-12$yBOO
=952  \\$00$10$2ddc$3vol. 2$40$6KTS_1_000000000000000_C2_47_10C01_02$70$8RAR$922253$aORPH$bORPH$cKTS1_C2$d2020-07-08$eKoopman$l0$oKTS1 C2.47 10C01_02$p20139710$r2022-11-08 00:00:00$w2021-01-12$yBOO
=999  \\$d2790

