=LDR  07782aam a2201477   4500
=001  2793
=008  221108s1777\\\\|||ag|||\||||\00|\0dita\d
=041  \\$aita
=059  \\$av
=100  \\$aMancini, Giovanni Battista$d1714-1800$4aut$1http://www.wikidata.org/entity/Q1525889$95331
=245  \\$aRiflessioni pratiche sul canto figurato
=250  \\$a3rd ed.
=260  \\$aMilan$bGaleazzi$c1777
=300  \\$a[viii]-259-[2]-4 pages$bengraved title page, illustrations, folded pages, musical examples
=534  \\$aOriginally published in 1774
=648  \0$a18th Century (1701-1800)$1http://www.wikidata.org/entity/Q7015$920899
=650  \0$aMethod$1http://www.wikidata.org/entity/Q2250960$921402
=650  \0$aSinging$1http://www.wikidata.org/entity/Q27939$92767
=651  \0$aItaly$1http://www.wikidata.org/entity/Q38$922
=653  \0$aa =$382$020139712$w10C04$928388
=653  \0$aaccentuatie in maat$3210$020139712$w10C04$928445
=653  \0$aademhalen$3139 etc.$020139712$w10C04$928491
=653  \0$aafwisseling$328, 34$020139712$w10C04$928514
=653  \0$aAnfossi, P.$3229$020139712$w10C04$928697
=653  \0$aappoggiatura$3142, 143, 146, 147, 178, 239$020139712$w10C04$928737
=653  \0$aarpeggio$3201$020139712$w10C04$928797
=653  \0$aartikulatie$332?, 33, 165, 199-201$020139712$w10C04$928817
=653  \0$aBach, J.Chr.$3229$020139712$w10C04$928919
=653  \0$aBononcini$350, 228, 253$020139712$w10C04$929756
=653  \0$acadens$3162, 170, 171, 177-187$020139712$w10C04$930106
=653  \0$acastraten$315-4, 26, 27, 35, 36$020139712$w10C04$930282
=653  \0$amuziek_en geneeskunde$39, 10$020139712$w10C04$935041
=653  \0$acomponiste$3229$020139712$w10C04$930632
=653  \0$aCorelli, A.$316$020139712$w10C04$930736
=653  \0$aCuzzoni, F.$333, 34$020139712$w10C04$930879
=653  \0$aoud-nieuw$315, 16, 22, 23, 53$020139712$w10C04$935651
=653  \0$aoude muziek vroeger$3253, 254$020139712$w10C04$935658
=653  \0$adiminutie$315, 23, 31, 33, 51, 161, 167$020139712$w10C04$931086
=653  \0$aPaisiello, G.$3229$020139712$w10C04$935718
=653  \0$aPasquini, B.$316$020139712$w10C04$935783
=653  \0$adubbelslag$3142$020139712$w10C04$931248
=653  \0$aPeri, J.$3237$020139712$w10C04$935860
=653  \0$aDurante, F.$3228$020139712$w10C04$931320
=653  \0$aduur van appoggiatura$3142$020139712$w10C04$931335
=653  \0$aPiccini, N.$3ix, 228$020139712$w10C04$935959
=653  \0$adynamiek$333, 74, 132$020139712$w10C04$931346
=653  \0$aechoeffekt$315$020139712$w10C04$931377
=653  \0$aPorpora, N.$316, 39, 228, 248, 253$020139712$w10C04$936085
=653  \0$aportamento$322, 23, 28, 33, 133, 137-141, 146, 147$020139712$w10C04$936099
=653  \0$aFarinelli$351, 152-154$020139712$w10C04$931610
=653  \0$aFrans-Italiaans$3223$020139712$w10C04$931874
=653  \0$aStradella, A.$310$020139712$w10C04$936616
=653  \0$aGaluppi, B.$3228$020139712$w10C04$931993
=653  \0$aTartini, G.$3233, 234$020139712$w10C04$936753
=653  \0$atekstuitspraak$328, 218, 219, 241$020139712$w10C04$936786
=653  \0$atemperatuur$380-83$020139712$w10C04$936807
=653  \0$atempo van mordent$3172, 173$020139712$w10C04$936826
=653  \0$atempo van triller$3176, 177$020139712$w10C04$936830
=653  \0$aTesi, V.$327-29$020139712$w10C04$936869
=653  \0$aGluck, C.$3230, 231$020139712$w10C04$932238
=653  \0$aTosi, P.F.$382, 160, 167-169, 231$020139712$w10C04$937040
=653  \0$atriller = oa mordent$3173$020139712$w10C04$937114
=653  \0$atrillers etc.$3143, 146, 147, 157-178$020139712$w10C04$937146
=653  \0$aHändel, G.F.$335, 228$020139712$w10C04$932536
=653  \0$aHasse, J.$3ix, 29, 30, 32, 50, 85, 228, 248$020139712$w10C04$932607
=653  \0$avibrato$3165$020139712$w10C04$937531
=653  \0$aVinci, L.$350, 228$020139712$w10C04$937559
=653  \0$ainterpretatie$334$020139712$w10C04$933100
=653  \0$aWagenseil, C.$3231$020139712$w10C04$937832
=653  \0$aJommelli, N.$350, 228$020139712$w10C04$933234
=653  \0$azang_en temperatuur$380-82$020139712$w10C04$938082
=653  \0$azangeres$327-35, 37-40$020139712$w10C04$938089
=653  \0$aklanksterkte klavecimbel$373, 74$020139712$w10C04$933440
=653  \0$azuiverheid$317, 28, 32, 34 etc., 67-102, 153$020139712$w10C04$938176
=653  \0$aklavecimbel-spinet bc$373, 74$020139712$w10C04$933527
=653  \0$arecitatief$3237-247$020139712$w10C04$938285
=653  \0$aReichardt, J.$3228$020139712$w10C04$938337
=653  \0$aRousseau, J.J.$34, 61, 223$020139712$w10C04$938595
=653  \0$arubato$323$020139712$w10C04$938615
=653  \0$aLatilla, G.$3ix, 228$020139712$w10C04$933931
=653  \0$aSalieri, A.$3229$020139712$w10C04$938703
=653  \0$aLeo, L.$316, 228, 248-250$020139712$w10C04$934052
=653  \0$alesgeven$3wb$020139712$w10C04$934068
=653  \0$aScarlatti, A.$3228, 253$020139712$w10C04$938789
=653  \0$aScarlatti, D.$350$020139712$w10C04$938790
=653  \0$aMarcello, B.$3253$020139712$w10C04$934447
=653  \0$aMartini, Padre$3ix, 3, 230, 254$020139712$w10C04$934501
=653  \0$amessa di voce$332?, 33, 129?, 141, 145-154, 171, 172$020139712$w10C04$934702
=653  \0$aMetastasio$3229, 233$020139712$w10C04$934709
=653  \0$aMingotti$339, 40$020139712$w10C04$934769
=653  \0$amordent$3172-174$020139712$w10C04$934868
=653  \\$aBernacchi, A.$3i, 19-22, 24, 27, 28, 256$929455$020139712$w10C04
=653  \\$aBordoni, Faustina$329-32, 201$921646$020139712$w10C04
=653  \\$abovensecunde triller$3168$929855$020139712$w10C04
=653  \\$aCafarelli$335, 36$930111$020139712$w10C04
=653  \\$acantar di sbalzo$3204-209$930186$020139712$w10C04
=653  \\$aCarestini, G.$326, 27$930238$020139712$w10C04
=653  \\$acatena di trilli$3169, 170$930308$020139712$w10C04
=653  \\$aemoties$3141, 153, 164, 234$931445$020139712$w10C04
=653  \\$aFerri, B.$316, 17, 152$931687$020139712$w10C04
=653  \\$agoût$353$932303$020139712$w10C04
=653  \\$aGrasmann, F.$3229$932333$020139712$w10C04
=653  \\$aGrimaldi, N.$3232, 233$932406$020139712$w10C04
=653  \\$ahandstandjes$328, 40, 156, 241-247$932553$020139712$w10C04
=653  \\$ahoofdnoottriller$3171$932889$020139712$w10C04
=653  \\$akeiltjes$3200$933335$020139712$w10C04
=653  \\$akopiëren$3viii, 25$933692$020139712$w10C04
=653  \\$amanfredina$373-76, 91, 94, 97, 101, 112, 159, 162, 164-167$934427$020139712$w10C04
=653  \\$aMartinez, M.$3229, 230$934499$020139712$w10C04
=653  \\$amondstand$3103-119$934817$020139712$w10C04
=653  \\$aNaumann, J. A.$3ix, 229$935160$020139712$w10C04
=653  \\$aOrsini, G.$318$935628$020139712$w10C04
=653  \\$aPergolesi, G.$350, 228$935855$020139712$w10C04
=653  \\$aPistocchi, A.$315, 19, 22, 24, 219$935999$020139712$w10C04
=653  \\$aRaaff, A.$322$936320$020139712$w10C04
=653  \\$arecitatief en voorhouding$3239, 240$938292$020139712$w10C04
=653  \\$aregisterovergang bij zangstem$333, 62-65, 133, 134, 136, 137, 204-209$938311$020139712$w10C04
=653  \\$aregisters bij zangstem$362-66, 133-144, 204-209$938313$020139712$w10C04
=653  \\$aSenesino$326$923785$020139712$w10C04
=653  \\$aSiface$318$939110$020139712$w10C04
=653  \\$aversnelling tempo van triller$3174$937494$020139712$w10C04
=653  \\$azangkunst$3wb$938104$020139712$w10C04
=856  \\$uhttps://books.google.be/books?id=r8GyXmo4GbMC$3Google Books
=942  \\$cBOO
=952  \\$00$10$2ddc$40$6KTS_1_000000000000000_C2_47_10C04$70$8RAR$92793$aORPH$bORPH$cKTS1_C2$d2020-07-08$eKoopman$l0$oKTS1 C2.47 10C04$p20139712$r2021-01-12 00:00:00$w2021-01-12$yBOO
=999  \\$d2793

