=LDR  00711    a2200193   4500
=001  2796
=008  210325b\\\\\\\\\\\|||||\||||\00|\0\dut\d
=041  \\$adut
=100  \\$aClerx, Harry sr.$97093
=245  \\$aHet pareltje
=260  \\$as.l.$c1880c.
=300  \\$a7 pages
=500  \\$aMs. of unfinished story or fairy-tale
=500  \\$ainserted portrait of the author by N. de Waal, Breda
=500  \\$a7 pages, with further pages blank
=942  \\$cMS
=952  \\$00$10$2ddc$40$6KTS_1_000000000000000_C2_47_10C07$70$8RAR$92796$aORPH$bORPH$cKTS1_C2$d2020-07-08$eKoopman$l0$oKTS1 C2.47 10C07$p20136161$r2021-01-12 00:00:00$w2021-01-12$yMS
=999  \\$c2796$d2796
=650  \0$aNovel$1http://www.wikidata.org/entity/Q8261$921629

