=LDR  01333aam a2200241   4500
=001  2797
=008  221110s1862\\\\|||a||||\||||\00|\0\eng\d
=041  \\$aeng
=100  \\$aCatlin, George$d1796-1872$4aut$1http://www.wikidata.org/entity/Q455133$97094
=245  \\$aThe Breath of Life
=260  \\$aLondon$bTrübner$c1862
=300  \\$a75 pages
=500  \\$aGeorge Catlin (1796-1872) was an American adventurer, lawyer, painter, author, and traveler, who specialized in portraits of Native Americans in the Old West.
=500  \\$aIn this seminal work, Catlin argues that dyspnea, or shortness of breath on exertion, is not a symptom but rather a disorder in itself. A book detailing the effects on human life of poor respiration.
=500  \\$afolder of 25 ills., so-called 'manugraphs'
=648  \0$a19th Century (1801-1900)$1http://www.wikidata.org/entity/Q6955$920935
=650  \0$aScience$1http://www.wikidata.org/entity/Q7991$921650
=650  \0$aBreathing$1http://www.wikidata.org/entity/Q9530$922983
=651  \0$aUSA$1http://www.wikidata.org/entity/Q30$943
=856  4\$uhttps://collections.mfa.org/objects/259150
=942  \\$cBOO
=952  \\$00$10$2ddc$40$6KTS_1_000000000000000_C2_47_10C08$70$8RAR$92797$aORPH$bORPH$cKTS1_C2$d2020-07-08$eKoopman$l0$oKTS1 C2.47 10C08$p20139694$r2021-01-12 00:00:00$w2021-01-12$yBOO
=999  \\$d2797

