=LDR  01060aam a2200241   4500
=001  2798
=008  221110n\\\\\\\\||||||||\||||\00|\d\dut\d
=041  \\$adut$hita
=245  \\$aCavalleria rusticana.$bMuziekdrama in één bedrijf
=260  \\$aThe Hague$bDe Hondt
=300  \\$a13 pages
=490  \\$aOpera Italiana
=534  \\$aPremiered in 1890 with music by Pietro Mascagni
=648  \0$a19th Century (1801-1900)$1http://www.wikidata.org/entity/Q6955$920935
=650  \0$aLibretto$1http://www.wikidata.org/entity/Q131084$94031
=650  \0$aOpera$1http://www.wikidata.org/entity/Q1344$92468
=651  \0$aNetherlands$1http://www.wikidata.org/entity/Q55$9173
=700  \\$4aut$aTargioni-Tozzetti, Giovanni$97095
=700  \\$4aut$aMenasci, Guido$97096
=700  \\$4cmp$aMascagni, Pietro$d1863-1945$1http://www.wikidata.org/entity/Q181894$918004
=942  \\$cBOO
=952  \\$00$10$2ddc$40$6KTS_1_000000000000000_C2_47_10C09$70$8RAR$92798$aORPH$bORPH$cKTS1_C2$d2020-07-08$eKoopman$l0$oKTS1 C2.47 10C09$p20139690$r2021-01-12 00:00:00$w2021-01-12$yBOO
=999  \\$d2798

