=LDR  01168aam a2200241   4500
=001  2799
=008  221110r18951805||||||||\||||\00|\d\dut\d
=041  \\$adut$hfre
=245  \\$aFidelio.$bOpera in twee bedrijven
=260  \\$aAmsterdam$bNederlandsche Opera$c1895
=300  \\$a30 pages
=500  \\$aPremiered in 1805 with music by Ludwig van Beethoven
=648  \0$a19th Century (1801-1900)$1http://www.wikidata.org/entity/Q6955$920935
=650  \0$aLibretto$1http://www.wikidata.org/entity/Q131084$94031
=650  \0$aOpera$1http://www.wikidata.org/entity/Q1344$92468
=651  \0$aAmsterdam (Netherlands)$1http://www.wikidata.org/entity/Q727$9135
=700  \\$4aut$aBouilly, Jean Nicolas$d1763-1842$1http://www.wikidata.org/entity/Q1355203$95626
=700  \\$4aut$aSonnleithner, Joseph Ferdinand$d1766-1835$1http://www.wikidata.org/entity/Q86117$96948
=700  \\$4aut$aTreischke, Georg Friedrich$97098
=700  \\$4trl$aHall, Jacob Nicolaas van$97099
=942  \\$cBOO
=952  \\$00$10$2ddc$40$6KTS_1_000000000000000_C2_47_10C10$70$8RAR$92799$aORPH$bORPH$cKTS1_C2$d2020-07-08$eKoopman$l0$oKTS1 C2.47 10C10$p20139728$r2021-01-12 00:00:00$w2021-01-12$yBOO
=999  \\$d2799

