=LDR  01091    a2200241   4500
=001  2800
=005  20250925143255.0
=008  220201s1922\\\\||||||||\||||\00|\d\fre\d
=041  \\$afre
=245  \\$aLa Croisade des enfants
=260  \\$aAmsterdam$bKon. Oratorium-Vereeniging$c1922
=300  \\$a16 pages
=561  \\$aLégende musicale en 2 parties composed by Gabriel Pierné in 1902
=648  \0$a20th Century (1901-2000)$1http://www.wikidata.org/entity/Q6927$920936
=650  \0$aLibretto$1http://www.wikidata.org/entity/Q131084$94031
=650  \0$aOratorio$1http://www.wikidata.org/entity/Q85477$91825
=651  \0$aFrance$1http://www.wikidata.org/entity/Q142$9131
=651  \0$aAmsterdam (Netherlands)$1http://www.wikidata.org/entity/Q727$9135
=700  \\$4aut$aSchwob, Marcel$97101
=700  \\$4cmp$aPierné, Gabriel$d1863-1937$1http://www.wikidata.org/entity/Q433749$97100
=942  \\$cBOO
=952  \\$00$10$2ddc$40$6KTS_1_000000000000000_C2_47_10C11$70$8RAR$92800$aORPH$bORPH$cKTS1_C2$d2020-07-08$eKoopman$oKTS1 C2.47 10C11$p20139688$r2021-01-12 00:00:00$w2021-01-12$yBOO
=999  \\$d2800

