=LDR  01145aam a2200229   4500
=001  2801
=005  20250926134853.0
=008  221110s1925\\\\||||||||\||||\00|\d\dut\d
=041  \\$adut
=245  \\$aUitvoering op vrijdag 24 april 1925
=260  \\$aRotterdam$bMaatschappij tot bevordering der Toonkunst$c1925
=300  \\$a43 pages
=500  \\$aThe program includes two cantatas (BWV 23 and 103) by J. S. Bach and 'Le Roi David' by Honegger
=648  \0$a20th Century (1901-2000)$1http://www.wikidata.org/entity/Q6927$920936
=650  \0$aLibretto$1http://www.wikidata.org/entity/Q131084$94031
=650  \0$aConcert$1http://www.wikidata.org/entity/Q182832$921044
=651  \0$aRotterdam (Netherlands)$1http://www.wikidata.org/entity/Q34370$962
=700  \\$4cmp$aBach, Johann Sebastian$d1685-1750$1http://www.wikidata.org/entity/Q1339$94766
=700  \\$4cmp$aHonegger, Arthur$d1892-1955$1http://www.wikidata.org/entity/Q123164$97102
=942  \\$cBOO
=952  \\$00$10$2ddc$40$6KTS_1_000000000000000_C2_47_10C12$70$8RAR$92801$aORPH$bORPH$cKTS1_C2$d2020-07-08$eKoopman$l0$oKTS1 C2.47 10C12$p20139689$r2021-01-12 00:00:00$w2021-01-12$yBOO
=999  \\$d2801

