=LDR  04173    a2200697   4500
=001  2803
=008  221110q1830\\\\||||||||\||||\00|\0\ger\d
=041  \\$ager
=100  \\$aCzerny, Carl$d1791-1857$4aut$1http://www.wikidata.org/entity/Q215333$96032
=245  \\$aBriefe über den Unterricht auf dem Pianoforte, vom Anfange bis zur Ausbildung als Anhang zu jeder Clavierschule verfasst
=260  \\$aVienna$bDiabelli
=300  \\$a82 pages$boriginal edition in Special collections, a modern reprint (1988) in the Instruments collection
=500  \\$aCarl Czerny (1791-1857) was an Austrian composer, teacher, and pianist of Czech origin whose music spanned the late Classical and early Romantic eras. His vast musical production amounted to over a thousand works and his books of studies for the piano are still widely used in piano teaching. He was one of Ludwig van Beethoven's best-known pupils.
=590  \\$areprint: Zimmermann, Straubenhardt 1988
=648  \0$a19th Century (1801-1900)$1http://www.wikidata.org/entity/Q6955$920935
=650  \0$aMusic education$1http://www.wikidata.org/entity/Q27908$921766
=650  \0$aPiano$1http://www.wikidata.org/entity/Q5994$92127
=650  \0$aCorrespondence$1http://www.wikidata.org/entity/Q1784733$921392
=650  \0$aMusic theory$1http://www.wikidata.org/entity/Q193544$92662
=651  \0$aVienna (Austria)$1http://www.wikidata.org/entity/Q1741$920937
=653  \0$aartikulatie$320, 21, 47, 50, 51$020139691$w10C14$928817
=653  \0$aBach, J.S.$350$020139691$w10C14$928929
=653  \0$abc$3vw ii, 52-77$020139691$w10C14$929236
=653  \0$abc = harmonieleer$352-62$020139691$w10C14$929240
=653  \0$acomponeren en bc$356$020139691$w10C14$930624
=653  \0$aoud-nieuw$347, 50$020139691$w10C14$935651
=653  \0$aoude muziek vroeger$347, 50$020139691$w10C14$935658
=653  \0$apedaalspel$348$020139691$w10C14$935827
=653  \0$adynamiek$331, 32$020139691$w10C14$931346
=653  \0$aemoties$330, 78$020139691$w10C14$931445
=653  \0$aétude$344, 45$020139691$w10C14$931543
=653  \0$aprima vista$38, 10, 23, 28, 56$020139691$w10C14$936203
=653  \0$afortepianospel$3wb$020139691$w10C14$931838
=653  \0$astuderen$3(vw ii), 8-10, 18, 21, 23, 25, 28-30, 37-39, 45$020139691$w10C14$936657
=653  \0$ateach yourself$3wb$020139691$w10C14$936767
=653  \0$atempo$324, 25, 32, 34, 48$020139691$w10C14$936814
=653  \0$atoucher$341$020139691$w10C14$937044
=653  \0$atriller_vingerzetting$334$020139691$w10C14$937136
=653  \0$atrillers etc.$334$020139691$w10C14$937146
=653  \0$aHändel, G.F.$350$020139691$w10C14$932536
=653  \0$ahandhouding$34, 5$020139691$w10C14$932548
=653  \0$atussenspelen$339-43$020139691$w10C14$937247
=653  \0$auit 't hoofd spelen$342$020139691$w10C14$937279
=653  \0$avingerzetting$35, 6, 8, 11, 13, 16, 25-27, 51, 81$020139691$w10C14$937568
=653  \0$aimprovisatie$356, 78-82$020139691$w10C14$933059
=653  \0$aimprovisatie en bc$356$020139691$w10C14$933060
=653  \0$avoorspelen$339-43$020139691$w10C14$937762
=653  \0$aritenuto$332$020139691$w10C14$938470
=653  \0$arubato$332, 33$020139691$w10C14$938615
=653  \0$alesgeven$39$020139691$w10C14$934068
=653  \\$agesticuleren etc.$332, 33$932160$020139691$w10C14
=653  \\$ahoeveelheid lessen$39$932822$020139691$w10C14
=653  \\$aklaviertechniek$3wb$933607$020139691$w10C14
=653  \\$aReiche$377$938340$020139691$w10C14
=653  \\$atoonvorming$311, 12$937031$020139691$w10C14
=653  \\$azenuwen/nervositeit$340$938133$020139691$w10C14
=856  \\$uhttps://imslp.org/wiki/Briefe_%C3%BCber_den_Unterricht_auf_dem_Pianoforte_(Czerny%2C_Carl)$3International Music Score Library Project
=942  \\$cBOO
=952  \\$00$10$2ddc$40$6KTS_1_000000000000000_C2_47_10C14$70$8RAR$92803$aORPH$bORPH$cKTS1_C2$d2020-07-08$eKoopman$l0$oKTS1 C2.47 10C14$p20139691$r2021-01-12 00:00:00$w2021-01-12$yBOO
=952  \\$00$10$2ddc$3reprint$40$6INS_3_000000000000000_3C_CZER$70$8INS$926554$aORPH$bORPH$cKTS0$d2020-07-08$eHuys$l0$oINS3.3c CZER$p20144136$r2025-03-18 14:14:20$w2021-01-12$yBOO
=999  \\$d2803

