=LDR  01418aam a2200265   4500
=001  2804
=008  221110s1865\\\\||||||||\||||\00|\d\fre\d
=041  \\$afre
=245  \\$aLe Saphir.$bOpéra comique en trois actes
=260  \\$aParis$bLévy$c1865
=300  \\$a113 pages
=500  \\$aPremiered at the Opéra-Comique in Paris, 1865, with music by Félicien David
=610  \0$aOpéra-Comique (Paris, France)$1http://www.wikidata.org/entity/Q872222$920953
=648  \0$a19th Century (1801-1900)$1http://www.wikidata.org/entity/Q6955$920935
=650  \0$aLibretto$1http://www.wikidata.org/entity/Q131084$94031
=650  \0$aOpera$1http://www.wikidata.org/entity/Q1344$92468
=651  \0$aParis (France)$1http://www.wikidata.org/entity/Q90$9160
=700  \\$4aut$aLeuven, Adolphe de$d1800-1884$1http://www.wikidata.org/entity/Q2087458$97104
=700  \\$4aut$aCarré, Michel$d1821-1872$1http://www.wikidata.org/entity/Q602493$97105
=700  \\$4aut$aHadot, Térence$1http://www.wikidata.org/entity/Q64764773$97106
=700  \\$4cmp$aDavid, Félicien$d1810-1876$1http://www.wikidata.org/entity/Q951933$915826
=856  \\$uhttps://books.google.be/books?id=zlNCFx-EQLwC&source=gbs_navlinks_s$3Google Books
=942  \\$cBOO
=952  \\$00$10$2ddc$40$6KTS_1_000000000000000_C2_47_10C15$70$8RAR$92804$aORPH$bORPH$cKTS1_C2$d2020-07-08$eKoopman$l0$oKTS1 C2.47 10C15$p20139726$r2021-01-12 00:00:00$w2021-01-12$yBOO
=999  \\$d2804

