=LDR  01588aam a2200301   4500
=001  2806
=008  221110r18731868|||acf||\||||\00|\0bdut\d
=041  \\$adut$hfre
=100  \\$aCharnacé, Guy de$d1825-1909$4aut$1http://www.wikidata.org/entity/Q3122239$97108
=245  \\$aTwee vorstinnen des gezangs
=260  \\$aNijmegen$bTimmerman$c1873
=300  \\$a94 pages
=500  \\$aGuy de Girard, Comte and later Marquis de Charnacé (1825-1909) was a polygraph who wrote biographies of all sorts and biological studies
=500  \\$athis book deals with the careers of Adelina Patti and Christina Nilsson
=500  \\$acontains 2 portraits
=534  \\$aOriginally published in french in 1868
=561  \\$aEx libris Johannes Wannie (manuscript)
=590  \\$aNaar het Fransch. Met 2 portretten in lichtdruk naar de gravures van Morse
=600  \0$aPatti, Adelina$d1843-1919$1http://www.wikidata.org/entity/Q234166$910283
=600  \0$aNilsson, Christina$cCountess de Casa Miranda$d1843-1921$1http://www.wikidata.org/entity/Q269812$925324
=648  \0$a19th Century (1801-1900)$1http://www.wikidata.org/entity/Q6955$920935
=650  \0$aMusic history$1http://www.wikidata.org/entity/Q846047$921373
=650  \0$aBiography$1http://www.wikidata.org/entity/Q36279$91927
=650  \0$aSinger$1http://www.wikidata.org/entity/Q177220$93915
=765  \\$aLes Étoiles du chant
=942  \\$cBOO
=952  \\$00$10$2ddc$40$6KTS_1_000000000000000_C2_47_10C17$70$8RAR$92806$aORPH$bORPH$cKTS1_C2$d2020-07-08$eKoopman$l0$oKTS1 C2.47 10C17$p20139692$r2021-01-12 00:00:00$w2021-01-12$yBOO
=999  \\$d2806

