=LDR  01484aam a2200253   4500
=001  2807
=008  221115s1898\\\\||||||||\||||\00|\e\dut\d
=041  \\$adut
=100  \\$aBierens de Haan, J. D.$d1866-1943$4aut$1http://www.wikidata.org/entity/Q2491628$97109
=245  \\$aIdee-studies
=260  \\$aAmsterdam$bLooy, van$c1898
=300  \\$a204 pages
=500  \\$aJohannes Diderik Bierens de Haan was a Dutch philosopher who taught at the International School of Philosophy in Amersfoort/Leusden, founded by Frederik van Eeden in 1916.
=500  \\$aEssays about mysticism, fate, time, eternity, medieval ideology. 
=500  \\$awith underlining and markings in purple pencil

=504  \\$aindex / list of contents on last page
=505  \\$gContains: De held Parzival de middeleeuwsche mensch; Idee en zwaard (naschrift); Van de schoonheid in de natuur; Het wijde; Het mysterie in ons zelf; De noodlots-idee; Tijd en eeuwigheid; Door de rede tot aanschouwing; Humor en ironie
=561  \\$abooksellers mark (sticker): Mensing & VIsser (The Hague)
=648  \0$a19th Century (1801-1900)$1http://www.wikidata.org/entity/Q6955$920935
=650  \0$aPhilosophy$1http://www.wikidata.org/entity/Q5891$92357
=651  \0$aNetherlands$1http://www.wikidata.org/entity/Q55$9173
=942  \\$cBOO
=952  \\$00$10$2ddc$40$6KTS_1_000000000000000_C2_47_10C18$70$8RAR$92807$aORPH$bORPH$cKTS1_C2$d2020-07-08$eKoopman$l0$oKTS1 C2.47 10C18$p20139735$r2021-01-12 00:00:00$w2021-01-12$yBOO
=999  \\$d2807

