=LDR  01978aam a2200313   4500
=001  2810
=008  221115s1803\\\\||||||||\||||\00|\i\ger\d
=041  \\$ager
=100  \\$aEngelbrunner, Nina d'Aubigny von$d1770-1847$4aut$910729
=245  \\$aBriefe an Natalie über den Gesang,$bals Beförderung der häuslichen Glückseligkeit und des geselligen Vergnügens
=260  \\$aLeipzig$bVoß$c1803
=300  \\$a[xii]-234 pages + 4 fold out pages with musical examples
=500  \\$aNina d'Aubigny von Engelbrunner was a writer, singer, and music teacher. This book about the art of singing is written is considered her most successful work.
=500  \\$aD'Aubigny von Engelbrunner was born in Germany and has travelled extensively. She visited England and Holland and lived and worked in Calcutta for several years.
=561  \\$aEx libris Ch B (bookplate) 
=561  \\$aex libris Allg. ... Bibliothek ... (manuscript)
=590  \\$aEin Handbuch für Freunde des Gesanges, die sich selbst, oder für Mütter und Erzieherinnen, die ihre Zöglinge für diese Kunst bilden möchten
=648  \0$a19th Century (1801-1900)$1http://www.wikidata.org/entity/Q6955$920935
=648  \0$a18th Century (1701-1800)$1http://www.wikidata.org/entity/Q7015$920899
=650  \0$aMethod$1http://www.wikidata.org/entity/Q2250960$921402
=650  \0$aSinging$1http://www.wikidata.org/entity/Q27939$92767
=650  \0$aMusic education$1http://www.wikidata.org/entity/Q27908$921766
=650  \0$aFemale$1http://www.wikidata.org/entity/Q6581072$921764
=650  \0$aDomestic music-making$926204
=651  \0$aGermany$1http://www.wikidata.org/entity/Q183$9155
=856  \\$uhttps://reader.digitale-sammlungen.de/de/fs1/object/display/bsb10598218_00005.html$3Bavarian State Library
=942  \\$cBOO
=952  \\$00$10$2ddc$40$6KTS_1_000000000000000_C2_47_10C21$70$8RAR$92810$aORPH$bORPH$cKTS1_C2$d2020-07-08$eKoopman$l0$oKTS1 C2.47 10C21$p20139737$r2021-01-12 00:00:00$w2021-01-12$yBOO
=999  \\$d2810

