=LDR  02400    a2200385   4500
=001  2813
=008  221116s1706\\\\||||||||\||||\00|\0\ger\d
=041  \\$ager
=100  \\$aBendeler, Johann Philipp$4aut$1http://www.wikidata.org/entity/Q1695848$97113
=245  \\$aDirectorium Musicum,$bOder gründl. Erörterung dererjenigen Streit-Fragen welche bisshero hin und wieder zwischen denen Schul-Rectoribus und Cantoribus über dem Directorio Musico moviret worden
=260  \\$aQuedlinburg$c1706
=300  \\$a[ii]-28 pages
=500  \\$a"Who is actually in charge of the music, the Rector or the Cantor?" is the title of the first chapter of this book about the position of the Cantor, also containing many details of the practice of music making in a school setting. Bendeler was a school cantor himself.
=500  \\$acorner of titlepage is cut off 
=590  \\$aNebst beygefügten Responsis einiger hochberühmten Juristen Collegiorum
=648  \0$a18th Century (1701-1800)$1http://www.wikidata.org/entity/Q7015$920899
=648  \0$a17th Century (1601-1700)$1http://www.wikidata.org/entity/Q7016$920923
=650  \0$aMusic history$1http://www.wikidata.org/entity/Q846047$921373
=650  \0$aInstitution$1http://www.wikidata.org/entity/Q178706$94241
=650  \0$aSchool music$93677
=650  \0$aLaw$1http://www.wikidata.org/entity/Q7748$93727
=651  \0$aQuedlinburg (Germany)$1http://www.wikidata.org/entity/Q40623$923722
=653  \0$acantor_juridische basis$31-28$020139724$w10C24$930209
=653  \0$adirigent$3wb$020139724$w10C24$931092
=653  \0$ajongenssopraan$35, 8-12, 16-28$020139724$w10C24$933241
=653  \0$asalaris$310-12, 16, 19, 20, 22$020139724$w10C24$938697
=653  \\$acantor/rector van de school$31-28$930210$020139724$w10C24
=653  \\$aHalle_juridisch oordeel$326-28$932516$020139724$w10C24
=653  \\$aHelmstädt_juridisch oordeel$328$932699$020139724$w10C24
=653  \\$akoorprefekt$39$933685$020139724$w10C24
=653  \\$aLeipzig_juridisch oordeel$324-27$934011$020139724$w10C24
=856  \\$uhttps://books.google.be/books?id=dQ5DAAAAcAAJ&printsec=frontcover&source=gbs_ge_summary_r&cad=0#v=onepage&q&f=false$3Google Books
=942  \\$cBOO
=952  \\$00$10$2ddc$40$6KTS_1_000000000000000_C2_47_10C24$70$8RAR$92813$aORPH$bORPH$cKTS1_C2$d2020-07-08$eKoopman$l0$oKTS1 C2.47 10C24$p20139724$r2021-01-12 00:00:00$w2021-01-12$yBOO
=999  \\$d2813

