=LDR  01173aam a2200265   4500
=001  2814
=005  20250925143255.0
=008  221116b\\\\\\\\||||||||\||||\00|\0\dut\d
=041  \\$adut
=100  \\$aSpinoza, Benedictus de$d1632-1677$4aut$1http://www.wikidata.org/entity/Q35802$923023
=245  \\$aEthica$bIn meetkundigen trant uiteengezet
=260  \\$aAmsterdam$bMaatschappij voor goede en goedkoope lectuur$c[1915-28]
=300  \\$axiv-346
=490  \\$aWereld Bibliotheek$v317
=500  \\$aOriginally published in 1677
=500  \\$aart deco typography and design
=561  \\$aname on flyleaf illegible
=648  \0$a17th Century (1601-1700)$1http://www.wikidata.org/entity/Q7016$920923
=648  \0$a20th Century (1901-2000)$1http://www.wikidata.org/entity/Q6927$920936
=650  \0$aPhilosophy$1http://www.wikidata.org/entity/Q5891$92357
=651  \0$aNetherlands$1http://www.wikidata.org/entity/Q55$9173
=700  \\$4trl$aSuchtelen, N. van$914529
=942  \\$cBOO
=952  \\$00$10$2ddc$40$6KTS_1_000000000000000_C2_47_10C25$70$8RAR$92814$aORPH$bORPH$cKTS1_C2$d2020-07-08$eKoopman$l0$oKTS1 C2.47 10C25$p20139725$r2021-01-12 00:00:00$w2021-01-12$yBOO
=999  \\$d2814

