=LDR  01209aam a2200217   4500
=001  2817
=008  221116s1791\\\\||||||||\||||\00|\0\dut\d
=041  \\$adut
=245  \\$aOrdonnantie ... by collecte zal geheeven worden den impost op de consumtie van de koffy, thee, chocolade, limonade, bronwater en andere dranken, die nietspeciaal belast zyn onder den tytel van het koffy- en thee-geld
=260  \\$aThe Hague$bSchelte$c1791
=300  \\$a16 pages
=500  \\$aOrdinance on the collection of taxes on coffee, tea, chocolate and other beverages in Holland and West Friesland, the Netherlands.
=648  \0$a18th Century (1701-1800)$1http://www.wikidata.org/entity/Q7015$920899
=650  \0$aHistory$1http://www.wikidata.org/entity/Q309$921403
=650  \0$aLaw$1http://www.wikidata.org/entity/Q7748$93727
=650  \0$aCoffee$1http://www.wikidata.org/entity/Q8486$922589
=650  \0$aTea$1http://www.wikidata.org/entity/Q6097$923774
=651  \0$aNetherlands$1http://www.wikidata.org/entity/Q55$9173
=942  \\$cEPH
=952  \\$00$10$2ddc$40$6KTS_1_000000000000000_C2_47_10C28$70$8RAR$92817$aORPH$bORPH$cKTS1_C2$d2020-07-08$eKoopman$oKTS1 C2.47 10C28$p20139741$r2021-01-12 00:00:00$w2021-01-12$yEPH
=999  \\$d2817

