=LDR  01012aam a2200193   4500
=001  2818
=008  221116s1791\\\\||||||||\||||\00|\0\dut\d
=041  \\$adut
=245  \\$aOrdonnantie ... by collecte zal geheeven worden eene belasting op alle paarden, rytuigen en vaartuigen van plaizier onder den titul van het plaizier-geld
=260  \\$aThe Hague$bSchelte$c1791
=300  \\$a23 pages
=500  \\$aOrdinance on the collection of taxes on means of transport for leisure activities in Holland and West Friesland, the Netherlands.
=648  \0$a18th Century (1701-1800)$1http://www.wikidata.org/entity/Q7015$920899
=650  \0$aHistory$1http://www.wikidata.org/entity/Q309$921403
=650  \0$aLaw$1http://www.wikidata.org/entity/Q7748$93727
=651  \0$aNetherlands$1http://www.wikidata.org/entity/Q55$9173
=942  \\$cEPH
=952  \\$00$10$2ddc$40$6KTS_1_000000000000000_C2_47_10C29$70$8RAR$92818$aORPH$bORPH$cKTS1_C2$d2020-07-08$eKoopman$oKTS1 C2.47 10C29$p20139742$r2021-01-12 00:00:00$w2021-01-12$yEPH
=999  \\$d2818

