=LDR  02254    a2200481   4500
=001  2820
=005  20250925143255.0
=008  220121s1905\\\\\\\|||||\||||\00|\0\fre\d
=041  \\$afre
=100  \\$aLa Laurencie, Lionel de$d1861-1933$4aut$1http://www.wikidata.org/entity/Q3241967$97116
=245  \\$aLe Goût musical en France
=260  \\$aParis$bJoanin$c1905
=300  \\$a359 pages
=561  \\$aAutograph dedication
=648  \0$a20th Century (1901-2000)$1http://www.wikidata.org/entity/Q6927$920936
=650  \0$aMusic history$1http://www.wikidata.org/entity/Q846047$921373
=650  \0$aTaste$1http://www.wikidata.org/entity/Q1143012$922848
=651  \0$aFrance$1http://www.wikidata.org/entity/Q142$9131
=653  \0$aconcert spirituel$3202 etc$020139744$w10C31$930651
=653  \0$aCorneille$3128, 129$020139744$w10C31$930742
=653  \0$aPergolesi$3165, 166$020139744$w10C31$935854
=653  \0$adynamiek$3194$020139744$w10C31$931346
=653  \0$aRacine$3130$020139744$w10C31$936325
=653  \0$aSt. Evremond$3127, 136$020139744$w10C31$936460
=653  \0$aFrans-Italiaans$3119 etc.$020139744$w10C31$931874
=653  \0$aharp$374$020139744$w10C31$932582
=653  \0$aviool$3144$020139744$w10C31$937605
=653  \0$akerktoonsoorten$3113, 114$020139744$w10C31$933376
=653  \0$aklavecimbel_in kerk$3133$020139744$w10C31$933491
=653  \0$aRameau, J.Ph.$3161-164$020139744$w10C31$938230
=653  \0$akoor/orkestbezetting$3115$020139744$w10C31$933678
=653  \0$aLasso, O. di $399$020139744$w10C31$933916
=653  \0$aluit in Frankrijk$3114, 115, 133, 144$020139744$w10C31$934264
=653  \0$amise-en-scène$3131$020139744$w10C31$939272
=653  \\$aleçons de ténèbres$3132$933975$020139744$w10C31
=653  \\$aMarmontel$3177$934474$020139744$w10C31
=653  \\$aMauduit$3115$934548$020139744$w10C31
=653  \\$aMolière$3128-130$95673$020139744$w10C31
=653  \\$arotta$374$938586$020139744$w10C31
=856  \\$uhttps://books.google.be/books?id=eTTKtj-egGMC$3Google Books
=942  \\$cBOO
=952  \\$00$10$2ddc$40$6KTS_1_000000000000000_C2_47_10C31$70$8RAR$92820$aORPH$bORPH$cKTS1_C2$d2020-07-08$eKoopman$l0$oKTS1 C2.47 10C31$p20139744$r2021-01-12 00:00:00$w2021-01-12$yBOO
=999  \\$d2820

