=LDR  02310    a2200373   4500
=001  2822
=008  221116s1803\\\\|||||lf|\||||\00|\0\ger\d
=041  \\$ager
=059  \\$av bc
=100  \\$aBachofen, Johann Caspar$d1695-1755$4cmp$1http://www.wikidata.org/entity/Q1692846$96069
=245  \\$aMusicalisches Halleluja, oder schöne und geistreiche Gesänge, mit neuen und anmuthigen Melodeyen
=260  \\$aZürich$bBürkli$c1803
=300  \\$a[vi]-880-[viii]$bembossed leather binding, engraved portrait of Bachofen besides tp, printed music
=500  \\$aBachofen was a Swiss music teacher and hymn composer.
=500  \\$aWith a portrait of Bachofen next to the titlepage: "Caspar Bachofen, Gebohren 1697. Gestorben 1755. V.D.M. und Cantor der Carolinischen Schule in Zürich. Er führte seine Kunst Zur Einfalt und Natur."
=500  \\$aOf each song the various parts (mostly Cantus I, Cantus II and Bassus Generalis) are printed together on a spread of two pages. Text is printed under the music and extra verses are also on the same pages. 
=500  \\$aContains 380 songs
=534  \\$aFirst published in 1727
=561  \\$aEx libris Johann Sch.. Farber?? (in old German Kurrent writing, not sure)
=590  \\$abegleitet, und zur Aufmunterung zum Lob Gottes
=648  \0$a18th Century (1701-1800)$1http://www.wikidata.org/entity/Q7015$920899
=648  \0$a19th Century (1801-1900)$1http://www.wikidata.org/entity/Q6955$920935
=650  \0$aVocal music$1http://www.wikidata.org/entity/Q685884$93319
=650  \0$aReligion$1http://www.wikidata.org/entity/Q9174$93062
=650  \0$aProtestantism$1http://www.wikidata.org/entity/Q23540$921012
=651  \0$aSwitzerland$1http://www.wikidata.org/entity/Q39$920954
=653  \0$aboekoplage $3vw, 5$020139715$w10C33$929700
=653  \0$aoud-nieuw$3vw, 2$020139715$w10C33$935651
=653  \0$aSchmidlin$3vw, 6$020139715$w10C33$938892
=653  \0$ameer benutten zelfde partituur$3wb$020139715$w10C33$934589
=856  \\$uhttps://reader.digitale-sammlungen.de/de/fs1/object/display/bsb10592835_00005.html$3Bavarian State Library
=942  \\$cSCO
=952  \\$00$10$2ddc$40$6KTS_1_000000000000000_C2_47_10C33$70$8RAR$92822$aORPH$bORPH$cKTS1_C2$d2020-07-08$eKoopman$l0$oKTS1 C2.47 10C33$p20139715$r2021-01-12 00:00:00$w2021-01-12$ySCO
=999  \\$d2822

