=LDR  00512    a2200145   4500
=001  2825
=008  210325b\\\\\\\\\\\|||||\||||\00|\0\dut\d
=041  \\$adut
=245  \\$aGedichten
=260  \\$as.l.$c1850-1900?
=300  \\$a[1]-116 pages
=942  \\$cMS
=952  \\$00$10$2ddc$40$6KTS_1_000000000000000_C2_47_10C36$70$8RAR$92825$aORPH$bORPH$cKTS1_C2$d2020-07-08$eKoopman$i10C36$l0$oKTS1 C2.47 10C36$p20136159$r2021-01-12 00:00:00$w2021-01-12$yMS
=999  \\$c2825$d2825
=650  \0$aPoetry$1http://www.wikidata.org/entity/Q482$93026

