=LDR  00850atm a2200193   4500
=001  2826
=005  20250925143255.0
=008  210321b\\\\\\\\\\\|||||\||||\00|\0\dut\d
=041  \\$adut
=245  \\$a[Booklet with notes and drawings]
=260  \\$aNetherlands$c1900-50
=300  \\$a69 pages
=500  \\$aAbout, among others, Vincent van Gogh, signatures in pottery, personal diary fragments, years and names of artists
=648  \0$a20th Century (1901-2000)$1http://www.wikidata.org/entity/Q6927$920936
=650  \0$aFine art$1http://www.wikidata.org/entity/Q219625$921579
=651  \0$aNetherlands$1http://www.wikidata.org/entity/Q55$9173
=942  \\$cMS
=952  \\$00$10$2ddc$40$6KTS_1_000000000000000_C2_47_10C37$70$8RAR$92826$aORPH$bORPH$cKTS1_C2$d2020-07-08$eKoopman$i10C37$l0$oKTS1 C2.47 10C37$p20136158$r2021-01-12 00:00:00$w2021-01-12$yMS
=999  \\$d2826

