=LDR  04289    a2200481   4500
=001  2827
=008  221116s1733\\\\|||a||||\||||\00|\m\dut\d
=041  \\$adut
=100  \\$aRegt, Jan de$d1665-1715$4aut$97118
=245  \\$aSlegten-tyd, mengeldichten, gezangen, en nacht-wachts, kluchtspel
=250  \\$a3rd ed.
=260  \\$aAmsterdam$bGroot, de$c1733
=300  \\$a[xii]-144 pages$bengraved frontispiece, illustrations
=500  \\$aDedicated to Ludolph Smids, physician, antiquarian and poet. 
=500  \\$aengravings by J. Schijnvoet
=500  \\$aVery little is known about Jan de Regt (1665-1715). He was the eldest son of Michiel Michielsz de Regt, sailmaker, and Lijsbet Jans van Riet, a baker's daughter. The De Regt family lived in the Jordaan where Jan was baptised in the Noorderkerk, and later on the Waal (the Kromme or the Oude, it is not clear). When Jan de Regt registered as a citizen of Amsterdam in 1694, he gave 'merchant' as his profession. This is a vague designation that could indicate anything from shopkeeper to international trader. He was explicitly not a bread-poet, but a leisure poet. His oeuvre is small: occasional poems, a 'In Praise of Amsterdam', a farce (De nachtwachts) and a number of 'Gezangen' (Songs), mostly on everyday subjects, such as 'Knorhanen gegeten' (Roosters eaten), 'Waar schuil ik voor de lonken' (Where do I hide from the ogres), and 'Al 't gedruis aan ons huis' (All the commotion at our house). Those 'Gezangen' were in fact songs, to be sung to then-familiar tunes like 'En de bok sprong op het geitje'. For the song tune of some others, such as the 'Vechtzang' (poem in praise of the Vecht), De Regt refers to the compositions of 'Sr. Andreas Parchem [= Parcham], given name Musician'. Occasionally, his poets' pen lent itself to current affairs, such as the death of Maria Stuart (1695) and the battle of Oudenaarde (1708). Some noise arose after De Regt's long poem Slechten tyd (1711), to which Jan van Gijsen wrote a counter-poem entitled Goeden tyd. A pamphleteer claimed that the gentlemen had entered into a 'war of poets'. But Van Gijsen vehemently disputed that. Never, he argued, 'was I an enemy of De Regt./ That gentleman never harmed me with works nor with words,/ 'I did sin' so 'I said that I ever heard anything to the man's slander./ I know his good behaviour and praise his poetry,/ which is also ten times as good as mine'. De Regt unfortunately kept quiet on the matter. Jan de Regt died as a 'young man' or bachelor in Amsterdam.
=561  \\$aEx libris Anthomius Gijsbert Goris (manuscript)
=590  \\$aDerde druk met plaaten
=648  \0$a18th Century (1701-1800)$1http://www.wikidata.org/entity/Q7015$920899
=650  \0$aPlay (theater)$1http://www.wikidata.org/entity/Q25379$921414
=650  \0$aPoetry$1http://www.wikidata.org/entity/Q482$93026
=651  \0$aNetherlands$1http://www.wikidata.org/entity/Q55$9173
=653  \0$ablokfluit$393$020139750$w10C38$929645
=653  \0$aop de wijze van $371, 73, 76 etc.$020139750$w10C38$935398
=653  \0$adruk-/schrijffouten$3vw$020139750$w10C38$931219
=653  \0$atempo$393, 94$020139750$w10C38$936814
=653  \0$aHeinsius, N. $355, 56$020139750$w10C38$932683
=653  \0$aviool$313, 96$020139750$w10C38$937605
=653  \0$aWillem III$350$020139750$w10C38$937975
=653  \0$azangers$368$020139750$w10C38$938095
=653  \0$aschalmei$393$020139750$w10C38$938803
=653  \0$asinterklaas$384$020139750$w10C38$939140
=653  \\$aKoopman$362$933674$020139750$w10C38
=653  \\$amaanden van 't ja(ar)$381-83$934317$020139750$w10C38
=653  \\$aRegt, J. de$3wb, (vw ii)$938330$020139750$w10C38
=653  \\$aRegt, J. de_Nachtwacht toneelstuk$3105-einde$938331$020139750$w10C38
=653  \\$aSchenk, P.$359$938836$020139750$w10C38
=700  \\$4dte$aSmids, Ludolph$d1649-1720$1http://www.wikidata.org/entity/Q4990189$98355
=700  \\$4egr$aSchijnvoet, Jacobus$d1704-1733$1http://www.wikidata.org/entity/Q18093166$925330
=856  \\$uhttps://books.google.be/books?id=ewsjTQ7xxZIC$3Google Books
=942  \\$cBOO
=952  \\$00$10$2ddc$40$6KTS_1_000000000000000_C2_48_10C38$70$8RAR$92827$aORPH$bORPH$cKTS1_C2$d2020-07-08$eKoopman$l0$oKTS1 C2.48 10C38$p20139750$r2021-01-12 00:00:00$w2021-01-12$yBOO
=999  \\$d2827

