=LDR  01038aam a2200229   4500
=001  2828
=005  20250926134853.0
=008  221116s1924\\\\|||c||||\||||\00|\0bger\d
=041  \\$ager
=100  \\$aDahms, Walter$d1887-1973$4aut$1http://www.wikidata.org/entity/Q3676037$97119
=245  \\$aJohann Sebastian Bach. $bEin Bild seines Lebens
=250  \\$a1st ed.
=260  \\$aMunich$bMusarion$c1924
=300  \\$a123-[4] pages
=561  \\$aEx libris Stephanie Magdalena Lange (?) Hamburg 31.3.76 (manuscript)
=600  \0$aBach, Johann Sebastian$d1685-1750$1http://www.wikidata.org/entity/Q1339$94766
=648  \0$a20th Century (1901-2000)$1http://www.wikidata.org/entity/Q6927$920936
=650  \0$aMusic history$1http://www.wikidata.org/entity/Q846047$921373
=650  \0$aBiography$1http://www.wikidata.org/entity/Q36279$91927
=942  \\$cBOO
=952  \\$00$10$2ddc$40$6KTS_1_000000000000000_C2_48_10C39$70$8RAR$92828$aORPH$bORPH$cKTS1_C2$d2020-07-08$eKoopman$l0$oKTS1 C2.48 10C39$p20139752$r2021-01-12 00:00:00$w2021-01-12$yBOO
=999  \\$d2828

