=LDR  01445aam a2200241   4500
=001  2832
=008  221118s1841\\\\||||||||\||||\00|\0\fre\d
=041  \\$afre
=100  \\$aAudierne, François-Georges$d1798-1891$4aut$1http://www.wikidata.org/entity/Q80033150$97124
=245  \\$aNotice historique sur la ville de Saint-Astier, son église et une ancienne chapelle
=260  \\$aPérigeux$bDupont$c1841
=300  \\$a28 pages
=500  \\$aAudierne was a member of the 'Société française pour la conservation des monumens de la Dordogne' and 'inspecteur des monumens historiques'
=501  \\$aBound in with Angel Fayolle's 'Origine des villes de Ribérac, Mussidan, Saint-Astier, Grignols, Mareuil, Auberoche, Aubeterre, Montagrier, Montaut, Montignac, Castillon-S/-Dordogne' & G. Piver's 'Mussidan'
=648  \0$a19th Century (1801-1900)$1http://www.wikidata.org/entity/Q6955$920935
=650  \0$aArchitecture$1http://www.wikidata.org/entity/Q12271$93185
=650  \0$aHistory$1http://www.wikidata.org/entity/Q309$921403
=651  \0$aDordogne (France)$1http://www.wikidata.org/entity/Q3357$924242
=653  \\$aSt. Astier$3wb$936454$020139719a$w10C42a
=856  \\$uhttps://books.google.be/books?id=NFcoAAAAYAAJ$3Google Books
=942  \\$cBOO
=952  \\$00$10$2ddc$40$6KTS_1_000000000000000_C2_48_10C42A$70$8RAR$92832$aORPH$bORPH$cKTS1_C2$d2020-07-08$eKoopman$l0$oKTS1 C2.48 10C42a$p20139719a$r2021-01-12 00:00:00$w2021-01-12$yBOO
=999  \\$d2832

