=LDR  01709aam a2200325   4500
=001  2833
=008  221118s1881\\\\||||||||\||||\00|\0\fre\d
=041  \\$afre
=100  \\$aFayolle, Angel$4aut$97125
=245  \\$aOrigine des villes de Ribérac, Mussidan, Saint-Astier, Grignols, Mareuil, Auberoche, Aubeterre, Montagrier, Montaut, Montignac, Castillon-S/-Dordogne
=260  \\$aRibérac$bDelecroix$c1881
=300  \\$a24 pages
=501  \\$aBound in with François-Georges Audierne's 'Notice historique sur la ville de Saint-Astier, son église et une ancienne chapelle' & G. Piver's 'Mussidan'
=648  \0$a19th Century (1801-1900)$1http://www.wikidata.org/entity/Q6955$920935
=650  \0$aHistory$1http://www.wikidata.org/entity/Q309$921403
=651  \0$aDordogne (France)$1http://www.wikidata.org/entity/Q3357$924242
=653  \\$aAubeterre$312$928861$020139719b$w10C42b
=653  \\$aChancelade$323, 24$930392$020139719b$w10C42b
=653  \\$aGrignol$310$932404$020139719b$w10C42b
=653  \\$aMareuil$310, 11$934463$020139719b$w10C42b
=653  \\$aMontagrier$312$934833$020139719b$w10C42b
=653  \\$aMontignac$311$934860$020139719b$w10C42b
=653  \\$aMussidon$38-10$934984$020139719b$w10C42b
=653  \\$aRibérac$36-8, 24$938415$020139719b$w10C42b
=653  \\$aSt. Astier$38, 9, 11$936454$020139719b$w10C42b
=773  \\$02832$tNotice historique sur la ville de Saint-Astier$w2832
=856  \\$uhttps://gallica.bnf.fr/view3if/ga/ark:/12148/bpt6k5819800r/f2$3IIIF
=942  \\$cBOO
=952  \\$00$10$2ddc$40$6KTS_1_000000000000000_C2_48_10C42B$70$8RAR$92833$aORPH$bORPH$cKTS1_C2$d2020-07-08$eKoopman$l0$oKTS1 C2.48 10C42b$p20139719b$r2021-01-12 00:00:00$w2021-01-12$yBOO
=999  \\$d2833

