=LDR  01707aam a2200301   4500
=001  2834
=008  211209s1812\\\\\\\|||||\||||\00|\0\eng\d
=041  \\$aeng
=245  \\$aHistory of the Origin and Progress of the Meeting of the Three Choirs of Gloucester, Worcester, and Hereford and of the Charity Connected with it
=260  \\$aLondon$bWalker$c1812
=300  \\$axv-278 pages
=561  \\$aEx libris Flo Morgan "purchased 1975 .." (manuscript)
=590  \\$aTo Which Is Prefixed, A View of the Condition of the Parochial Clergy of This Kingdom, from the Earliest Times. By the Rev. Daniel Lysons, M.A. F.R.S. & F.S.A. Rector of Rodmarton, in the County of Gloucester
=648  \0$a19th Century (1801-1900)$1http://www.wikidata.org/entity/Q6955$920935
=650  \0$aReligion$1http://www.wikidata.org/entity/Q9174$93062
=650  \0$aHistory$1http://www.wikidata.org/entity/Q309$921403
=650  \0$aMusic history$1http://www.wikidata.org/entity/Q846047$921373
=650  \0$aChoir$1http://www.wikidata.org/entity/Q131186$93338
=651  \0$aGloucester (United Kingdom)$1http://www.wikidata.org/entity/Q170497$923252
=651  \0$aWorcester (United Kingdom)$1http://www.wikidata.org/entity/Q1646181$923253
=651  \0$aHereford (United Kingdom)$1http://www.wikidata.org/entity/Q204720$923254
=700  \\$4aut$aLysons, Daniel$97126
=700  \\$4aut$aHodges, Edward$97127
=700  \\$4aut$aTaylor, Edward$97128
=856  \\$uhttps://books.google.be/books?id=aActAAAAYAAJ$3Google Books
=942  \\$cBOO
=952  \\$00$10$2ddc$40$6KTS_1_000000000000000_C2_48_10C43$70$8RAR$92834$aORPH$bORPH$cKTS1_C2$d2020-07-08$eKoopman$oKTS1 C2.48 10C43$p20139720$r2021-01-12 00:00:00$w2021-01-12$yBOO
=999  \\$d2834

