=LDR  03106    a2200457   4500
=001  2835
=008  221123s1783\\\\||||||||\||||\00|\0\lat\d
=041  \\$alat
=100  \\$aRicchinius, Thomas Augustinus$d1695-1762$4aut$1http://www.wikidata.org/entity/Q87193344$97129
=245  \\$aIndex Librorum Prohibitorum Ssmi D. N. Benedicti XIV Pontificis Maximi jussu recognitus, atque editus
=260  \\$aParma$bCarmignani$c1783
=300  \\$a315-12-[2] pages$bengraved frontispiece, 
=500  \\$aRicchini, a learned Italian ecclesiastic, was born at Cremona in 1695. At the age of fifteen he entered the Dominican order, devoted himself to poetry, and published at Milan several religious pieces. He afterwards taught theology in the principal houses of his order in Lombardy, and filled the office of prior at Cremona. Called to Rome in 1740, he became in 1749 secretary of the Congregation of the Index and examiner of the bishops. He worked in the service of the Roman censorship and was part of the commission that published the list of forbidden books (L'Indice) in 1750, as well as the later revisions of 1753, 1758, 1763... He enjoyed the favor of Benedict XIV, who often made use of his learning in literary work. In 1759 Ricchini became one of the masters of the pope's palace. He died at Rome in 1762. 
=500  \\$aengraved frontispiece depicting bookburning
=561  \\$aEx libris F. Ullergan Taun Coll. 1898 (manuscript)
=648  \0$a18th Century (1701-1800)$1http://www.wikidata.org/entity/Q7015$920899
=650  \0$aBibliography$1http://www.wikidata.org/entity/Q134995$93965
=650  \0$aCatholicism$1http://www.wikidata.org/entity/Q1841$921631
=650  \0$aMoral education$1http://www.wikidata.org/entity/Q25457248$93171
=653  \0$aboekenverbranding$3tp$020139764$w10D01$929692
=653  \0$aBayle$31, 2$020139764$w10D01$929234
=653  \0$aD'Alembert$3(296), 303, 309$020139764$w10D01$930888
=653  \0$aencyclopédie de Diderot/d'Alembert$3296$020139764$w10D01$931451
=653  \0$aErasmus$3119$020139764$w10D01$931501
=653  \0$aFontenelle$36, 10$020139764$w10D01$931815
=653  \0$aSt. Evremond$35$020139764$w10D01$936460
=653  \0$aVossius, G.$3284$020139764$w10D01$937783
=653  \0$aVossius, I. $3284$020139764$w10D01$937786
=653  \0$aKaiserling$3308$020139764$w10D01$933291
=653  \0$aRousseau, J.J.$3300, 313$020139764$w10D01$938595
=653  \0$aLeibnitz$3167$020139764$w10D01$933995
=653  \0$aMarmontel$3309$020139764$w10D01$934474
=653  \0$aMontesquieu$3298$020139764$w10D01$934851
=653  \\$acelibaat$32, 4, 304$930342$020139764$w10D01
=653  \\$aFrederik de Grote$3299, 306$910951$020139764$w10D01
=653  \\$aVoltaire$3283, 296, 301, 315$95159$020139764$w10D01
=653  \\$aWolff, J.C.$312$938039$020139764$w10D01
=856  \\$uhttps://books.google.be/books?id=E_hYAAAAcAAJ$3Google Books
=942  \\$cBOO
=952  \\$00$10$2ddc$40$6KTS_1_000000000000000_C2_48_10D01$70$8RAR$92835$aORPH$bORPH$cKTS1_C2$d2020-07-08$eKoopman$l0$oKTS1 C2.48 10D01$p20139764$r2021-01-12 00:00:00$w2021-01-12$yBOO
=999  \\$d2835

