=LDR  20978aam a2203793   4500
=001  2838
=008  221123s1776\\\\||||||||\||||\00|\0\fre\d
=041  \\$afre
=100  \\$aFontenay, Louis Abel de Bonafous de$d1737-1806$4aut$cabbé de$1http://www.wikidata.org/entity/Q26702340$97131
=245  \\$aDictionnaire des artistes, ou Notice historique et raisonnée des architectes, peintres, graveurs, sculpteurs, musiciens, acteurs & danseurs, imprimeurs, horlogers & méchaniciens
=260  \\$aParis$bVincent$c1776
=300  \\$a2 volumes (xii-772+795 pages)
=500  \\$aLouis Abel de Bonafous (1736-1806), better known by his pen name Abbé de Fontenai, was a French Jesuit priest, writer and journalist, known for his counter-revolutionary positions.
=500  \\$aA historical dictionary of artists and craftsmen and their works, one of the first of its kind. The entries are comprehensive and clear. There are also entries for watchmakers and musicians, singers and actors.
=563  \\$amarbled endpapers
=648  \0$a18th Century (1701-1800)$1http://www.wikidata.org/entity/Q7015$920899
=650  \0$aDictionary$1http://www.wikidata.org/entity/Q23622$921580
=650  \0$aFine art$1http://www.wikidata.org/entity/Q219625$921579
=650  \0$aBiography$1http://www.wikidata.org/entity/Q36279$91927
=651  \0$aParis (France)$1http://www.wikidata.org/entity/Q90$9160
=653  \0$aacadémie royale de musique$315-18$020139747$w10D04_01$928433
=653  \0$aafwisseling$3673, 674$020139747$w10D04_01$928514
=653  \0$aAllegri$343$020139747$w10D04_01$928603
=653  \0$aAngelico, Fra$360$020139747$w10D04_01$928698
=653  \0$aAraja, F.$384$020139747$w10D04_01$928749
=653  \0$aautodidakt$3772$020139747$w10D04_01$928879
=653  \0$abezetting_vocaal$317, 70, 165, 201, 534, 535, 746$020139747$w10D04_01$929535
=653  \0$abezetting_vocaal$3103, 460$020139748$w10D04_02$929535
=653  \0$aBalbastre$382$020139747$w10D04_01$929037
=653  \0$aBallard, fam.$3481-483$020139748$w10D04_02$929045
=653  \0$aBan, A.$3784$020139748$w10D04_02$929060
=653  \0$aBlamont, F. C. de $3197$020139747$w10D04_01$929607
=653  \0$aBlavet$3200-203$020139747$w10D04_01$929624
=653  \0$aBloemaert, A.$3204, 205$020139747$w10D04_01$929642
=653  \0$ablokfluit$3305, 306$020139748$w10D04_02$929645
=653  \0$aBatistin$3157, 158$020139747$w10D04_01$929215
=653  \0$abc in Frankrijk$3536$020139747$w10D04_01$929266
=653  \0$aBonanni$3763$020139747$w10D04_01$929747
=653  \0$aBellini$3173-175$020139747$w10D04_01$929401
=653  \0$aBosch, J.$3225, 226$020139747$w10D04_01$929805
=653  \0$aBotticelli, S.$3228$020139747$w10D04_01$929825
=653  \0$aBourdon, S.$3242-244$020139747$w10D04_01$929837
=653  \0$aBourgeois$3244$020139747$w10D04_01$929839
=653  \0$aBernier$380$020139747$w10D04_01$929462
=653  \0$aBernier, N.$3182$020139747$w10D04_01$929463
=653  \0$aBertin$3191$020139747$w10D04_01$929476
=653  \0$abespelen van meer instrumenten$3150, 201, 679$020139747$w10D04_01$929496
=653  \0$abespelen van meer instrumenten$33, 547$020139748$w10D04_02$929496
=653  \0$aBrossard, S.$3265, 266$020139747$w10D04_01$929961
=653  \0$aBurney, C.$343-45, 739$020139747$w10D04_01$930058
=653  \0$aCallot, J.$3298-301$020139747$w10D04_01$930137
=653  \0$aCambert$315-17, 304$020139747$w10D04_01$930147
=653  \0$aCampen, J. v.$3308, 309$020139747$w10D04_01$930159
=653  \0$aCampra, A.$3309, 310, 487, 640$020139747$w10D04_01$930173
=653  \0$aCampra, A.$3189, 413$020139748$w10D04_02$930173
=653  \0$aCaravaggio$3132-134$020139748$w10D04_02$930232
=653  \0$aCarissimi$3356$020139747$w10D04_01$930243
=653  \0$aCastel, Père L. B.$3332, 334$020139747$w10D04_01$930277
=653  \0$acastraten$345, 46$020139747$w10D04_01$930282
=653  \0$aCavalli$3336, 337$020139747$w10D04_01$930327
=653  \0$acello$3158, 679$020139747$w10D04_01$930344
=653  \0$acello$375$020139748$w10D04_02$930344
=653  \0$aChambonnieres$3350$020139747$w10D04_01$930389
=653  \0$aCharpentier, M.A.$3356, 357$020139747$w10D04_01$930409
=653  \0$aclavecin oculaire$3332, 333$020139747$w10D04_01$930518
=653  \0$aClérambault$3379$020139747$w10D04_01$930545
=653  \0$aColasse$375$020139748$w10D04_02$930577
=653  \0$aColasse, P.$3391$020139747$w10D04_01$930578
=653  \0$aNewton, I.$3210-213$020139748$w10D04_02$935220
=653  \0$acomponiste$3149, 672, 673$020139747$w10D04_01$930632
=653  \0$aconcertmeester$3680$020139747$w10D04_01$930661
=653  \0$acontrabas$3169$020139748$w10D04_02$930692
=653  \0$aCorelli, A.$3157, 405, 406$020139747$w10D04_01$930736
=653  \0$aCorelli, A.$3188$020139748$w10D04_02$930736
=653  \0$aCouperin, Fr.$3422, 423$020139747$w10D04_01$930797
=653  \0$adansen$3ix, 210, 219, 302-304, 306, 462-468, 537-539, 593$020139747$w10D04_01$930928
=653  \0$adansen$314, 15, 275, 280, 364, 428, 592$020139748$w10D04_02$930928
=653  \0$aDaquin, L.C.$380-84$020139747$w10D04_01$930944
=653  \0$aoud-nieuw$382, 310$020139747$w10D04_01$935651
=653  \0$aoud-nieuw$375, 380$020139748$w10D04_02$935651
=653  \0$aoude muziek vroeger$3310, 423$020139747$w10D04_01$935658
=653  \0$aoude muziek vroeger$344, 188$020139748$w10D04_02$935658
=653  \0$aDestouches$35$020139748$w10D04_02$931036
=653  \0$aDestouches, A.$3492$020139747$w10D04_01$931037
=653  \0$aDijck, A. v.$3683-688$020139748$w10D04_02$931077
=653  \0$adiminuties$3150, 180$020139747$w10D04_01$931087
=653  \0$adiminuties$36, 7$020139748$w10D04_02$931087
=653  \0$adirigent$380$020139747$w10D04_01$931092
=653  \0$adirigent$3428$020139748$w10D04_02$931092
=653  \0$aparodie$3414$020139748$w10D04_02$935769
=653  \0$adouble$36, 7$020139748$w10D04_02$931169
=653  \0$aPécourt$3275$020139748$w10D04_02$935814
=653  \0$aPergolesi$3162, 163$020139747$w10D04_01$935854
=653  \0$aPergolesi$3188, 284$020139748$w10D04_02$935854
=653  \0$aPeri, J.$3284, 285$020139748$w10D04_02$935860
=653  \0$aDumont, H.$3535, 536$020139747$w10D04_01$931298
=653  \0$aDuni$3537$020139747$w10D04_01$931300
=653  \0$aPhilidor, F.$3306, 307$020139748$w10D04_02$935923
=653  \0$aDurante$3188$020139748$w10D04_02$931319
=653  \0$aDürer, A.$329-32$020139747$w10D04_01$931324
=653  \0$aDürer, A.$314$020139748$w10D04_02$931324
=653  \0$adwarsfluit$3150, 200-202$020139747$w10D04_01$931340
=653  \0$adynamiek$3149$020139747$w10D04_01$931346
=653  \0$aemoties$34, 284, 414$020139748$w10D04_02$931445
=653  \0$aPoussin, N. $3356-360$020139748$w10D04_02$936124
=653  \0$aprélude$3673$020139747$w10D04_01$936146
=653  \0$aEyck, H. van $3279, 691, 692$020139748$w10D04_02$931572
=653  \0$aEyck, J. van $3279, 691, 692$020139748$w10D04_02$931574
=653  \0$afagot$3201$020139747$w10D04_01$931585
=653  \0$afalset$3244, 534$020139747$w10D04_01$931595
=653  \0$aFarinelli$3641, 690$020139747$w10D04_01$931610
=653  \0$aFarinelli$3347-350$020139748$w10D04_02$931610
=653  \0$aPurcell, H.$3379, 380$020139748$w10D04_02$936282
=653  \0$aQuinault$317$020139747$w10D04_01$936302
=653  \0$aFrans-Italiaans$3158, 162, 163, 187, 334, 336, 356, 406$020139747$w10D04_01$931874
=653  \0$aFrans-Italiaans$3188, 189, 556$020139748$w10D04_02$931874
=653  \0$astuderen aan't Napels conservatorium$344, 45$020139747$w10D04_01$936658
=653  \0$aGalilei$3623-626$020139747$w10D04_01$931980
=653  \0$aGaluppi$3739$020139747$w10D04_01$931992
=653  \0$agamba$3150$020139747$w10D04_01$931995
=653  \0$agamba$375$020139748$w10D04_02$931995
=653  \0$aTartini, G.$3784, 794, 795$020139748$w10D04_02$936753
=653  \0$atekstuitspraak$3149$020139747$w10D04_01$936786
=653  \0$aGervais, C.H.$3639$020139747$w10D04_01$932141
=653  \0$agesticuleren etc.$3149$020139747$w10D04_01$932160
=653  \0$aGilles, J.$3640-642$020139747$w10D04_01$932194
=653  \0$aTitiaan$3345, 349, 634, 685, 712$020139748$w10D04_02$936955
=653  \0$aTorelli, J.$3641, 642$020139748$w10D04_02$937035
=653  \0$aTrial, J.C.$3650, 651$020139748$w10D04_02$937105
=653  \0$aHändel, G.F._in Frankrijk$382, 689-691, 740$020139747$w10D04_01$932541
=653  \0$atrompet$344$020139747$w10D04_01$937194
=653  \0$aharp$3150$020139747$w10D04_01$932582
=653  \0$aVasari, G.$3704, 705$020139748$w10D04_02$937356
=653  \0$aVelasquez, D.$3714, 715$020139748$w10D04_02$937374
=653  \0$aVinci, L.$3188$020139748$w10D04_02$937559
=653  \0$aVinci, L. da $3279, 419, 738-741$020139748$w10D04_02$937562
=653  \0$ahoornorkest$373-75$020139748$w10D04_02$932935
=653  \0$aVivaldi, A.$3406$020139747$w10D04_01$937660
=653  \0$aVivaldi, A.$3748$020139748$w10D04_02$937660
=653  \0$aimprovisatie$3150, 673$020139747$w10D04_01$933059
=653  \0$avolume$3680$020139747$w10D04_01$937724
=653  \0$ainterpretatie vroeger/nu$3350$020139747$w10D04_01$933104
=653  \0$ainvloed_Italië in Frankrijk$376, 188, 189, 449-451$020139748$w10D04_02$933122
=653  \0$aJacquet de la Guerre, E.$3672, 673$020139747$w10D04_01$933173
=653  \0$aJomelli$3739-740$020139747$w10D04_01$933231
=653  \0$aJomelli$3189$020139748$w10D04_02$933231
=653  \0$aWatteau, A.$3760-762$020139748$w10D04_02$937878
=653  \0$awonderkind$380, 158, 302, 309 (sic)$020139747$w10D04_01$938047
=653  \0$aKircher, A.$3761-763$020139747$w10D04_01$933414
=653  \0$azangeres_in kerk$37$020139748$w10D04_02$938093
=653  \0$azangkunst$3179, 180, 244-246, 534$020139747$w10D04_01$938104
=653  \0$aZarlino$3783, 784$020139748$w10D04_02$938113
=653  \0$aklavecimbel_Italië 17e eeuw$3676$020139747$w10D04_01$933494
=653  \0$aRameau$3468$020139747$w10D04_01$938219
=653  \0$aRameau, J.Ph.$381, 82$020139747$w10D04_01$938230
=653  \0$aRameau, J.Ph.$343, 44, 189, 411-414, 784$020139748$w10D04_02$938230
=653  \0$aRebel, fam.$35$020139748$w10D04_02$938274
=653  \0$aRebel, J.F.$3427, 428$020139748$w10D04_02$938276
=653  \0$akoor/orkestbezetting$343$020139747$w10D04_01$933678
=653  \0$aLalande, M.R. de$33-5, 189, 313, 314$020139748$w10D04_02$933861
=653  \0$aRousseau, J.J.$3784, 795$020139748$w10D04_02$938595
=653  \0$aRoy, A. le$3481$020139748$w10D04_02$938606
=653  \0$aRoyer, J.N.P.$3167, 487$020139748$w10D04_02$938610
=653  \0$aRubens, P.P.$3488-492, 684$020139748$w10D04_02$938618
=653  \0$aLasso, O. di $313$020139748$w10D04_02$933916
=653  \0$aSacchini$3740$020139747$w10D04_01$938668
=653  \0$aSacchini$3189$020139748$w10D04_02$938668
=653  \0$asalaris$3158, 241, 266, 304, 487, 610, 615$020139747$w10D04_01$938697
=653  \0$asalaris$3104, 347, 348, 414, 460$020139748$w10D04_02$938697
=653  \0$aSalomon$3501, 502$020139748$w10D04_02$938717
=653  \0$aLeo, L.$3188$020139748$w10D04_02$934052
=653  \0$aluit$3149, 150, 632$020139747$w10D04_01$934262
=653  \0$aLully$317, 47, 304, 310, 356, 391, 405, 492, 534, 535$020139747$w10D04_01$934271
=653  \0$aLully, J.B.$33, 5, 42-46, 75, 189, 310, 413, 427, 428, 459, 615, 795$020139748$w10D04_02$934276
=653  \0$aLuyken, J.$348$020139748$w10D04_02$934300
=653  \0$aSermisy, C. de$3380, 381$020139747$w10D04_01$939065
=653  \0$aMaffei$3195$020139747$w10D04_01$934357
=653  \0$aMaffei, S.$3279$020139748$w10D04_02$934358
=653  \0$aMarais, M.$375, 76$020139748$w10D04_02$934441
=653  \0$aMarcello, B.$3175, 176$020139747$w10D04_01$934447
=653  \0$aMarcello, B.$3188$020139748$w10D04_02$934447
=653  \0$aMarchand, L.$381, 423$020139747$w10D04_01$934455
=653  \0$aMarchand, L.$379-81, 413$020139748$w10D04_02$934455
=653  \0$amise-en-scène$3194, 195$020139747$w10D04_01$939272
=653  \0$amise-en-scène$3641, 642$020139748$w10D04_02$939272
=653  \0$aMarot, D. & fam.$390$020139748$w10D04_02$934479
=653  \0$aMatho$3487$020139747$w10D04_01$934525
=653  \0$aMatho$3101$020139748$w10D04_02$934525
=653  \0$aMazarin$315, 16, 336$020139747$w10D04_01$934562
=653  \0$ameerkorigheid$3169$020139747$w10D04_01$934594
=653  \0$aMersenne$3784$020139748$w10D04_02$934691
=653  \0$aMondonville$382$020139747$w10D04_01$934813
=653  \0$aMondonville, J.J. Cassanea de$3161-168, 189$020139748$w10D04_02$934815
=653  \0$aMontéclair, M.$3169$020139748$w10D04_02$934848
=653  \0$aMonteverdi, C.$315$020139747$w10D04_01$934854
=653  \0$aMonteverdi, C.$3170$020139748$w10D04_02$934854
=653  \0$aMouret, J.J.$3180$020139748$w10D04_02$934918
=653  \0$amuziek$3153, 165, 203, 329, 634, 676$020139747$w10D04_01$934990
=653  \0$amuziek$3617, 618$020139748$w10D04_02$934990
=653  \\$a3-mains op orgel$3169$928372$020139747$w10D04_01
=653  \\$aAntier, M.$369, 70$928722$020139747$w10D04_01
=653  \\$aBaïf, J.A.$3135$929027$020139747$w10D04_01
=653  \\$aBaroni, L.$3149$929098$020139747$w10D04_01
=653  \\$aBarre, M. de la$3150$929104$020139747$w10D04_01
=653  \\$aBassano, fam.$3152-155$929149$020139747$w10D04_01
=653  \\$aBeaujoyeux/Balzarini$3139$929301$020139747$w10D04_01
=653  \\$aBeaumavielle$3165$929303$020139747$w10D04_01
=653  \\$aBernacchi$3179, 180$929454$020139747$w10D04_01
=653  \\$aBibiena$3194, 195$929545$020139747$w10D04_01
=653  \\$aBlaeu, fam.$3733, 734$929600$020139747$w10D04_01
=653  \\$aBloemaert, C.$3204, 205$929643$020139747$w10D04_01
=653  \\$aBoule, A.C.$3236$929832$020139747$w10D04_01
=653  \\$aBousset$3245, 246$929845$020139747$w10D04_01
=653  \\$aBramanti$3252-255$929879$020139747$w10D04_01
=653  \\$aBreughel, fam.$3261, 262$929937$020139747$w10D04_01
=653  \\$aBrouwer, A.$3257-259$929968$020139747$w10D04_01
=653  \\$aBrun, Ch. le$3267-275$929984$020139747$w10D04_01
=653  \\$aCamargo$3364$930146$020139748$w10D04_02
=653  \\$aCarrachi, fam.$3316-327$930261$020139747$w10D04_01
=653  \\$aCaurroy, E. du$3338$930319$020139747$w10D04_01
=653  \\$aChampagne, Ph. de & fam.$3350-354$930391$020139747$w10D04_01
=653  \\$aChassé$3165$930411$020139747$w10D04_01
=653  \\$aCimabué$3371, 372$930479$020139747$w10D04_01
=653  \\$acomponeren$3391, 492$930621$020139747$w10D04_01
=653  \\$acomponeren$3233, 414, 794$930621$020139748$w10D04_02
=653  \\$aconcilie van Trente en muziek$3536$930665$020139747$w10D04_01
=653  \\$aCorregio, A.$3410-412$930758$020139747$w10D04_01
=653  \\$aCorsi, G.$3414, 415$930763$020139747$w10D04_01
=653  \\$aCoster, L.$3419-421$930774$020139747$w10D04_01
=653  \\$aCoypel, fam.$3436-445$930824$020139747$w10D04_01
=653  \\$aCuppi, M.A./Camargo$3302-304, 468$930872$020139747$w10D04_01
=653  \\$aDesmarets, H.$3487, 488$931030$020139747$w10D04_01
=653  \\$aDou, G.$3524-526$931168$020139747$w10D04_01
=653  \\$aDuménil$3103, 104$931294$020139748$w10D04_02
=653  \\$aDupré$3468, 538, 539$931316$020139747$w10D04_01
=653  \\$aElsevier$3551, 552$931433$020139747$w10D04_01
=653  \\$aFarinati, P.$3574$931609$020139747$w10D04_01
=653  \\$aFavard$3574-576$931631$020139747$w10D04_01
=653  \\$aFlinck, G.$3586, 587$931769$020139747$w10D04_01
=653  \\$aGatti, Th. di$3615, 616$932034$020139748$w10D04_02
=653  \\$aGaultier, E.$3632$932039$020139747$w10D04_01
=653  \\$aGauthier, P.$3632$932046$020139747$w10D04_01
=653  \\$aGhirlandaio$3456$932178$020139747$w10D04_01
=653  \\$aGoupillet$3487$932299$020139747$w10D04_01
=653  \\$aGuignon, J.P.$3659, 679, 680$932479$020139747$w10D04_01
=653  \\$aHolbein, J.$3705, 707$932855$020139747$w10D04_01
=653  \\$aHuet$3658$932975$020139747$w10D04_01
=653  \\$aHuygens, Christiaan$3711, 712, 720-723$921166$020139747$w10D04_01
=653  \\$aHuygens, Constantijn$3711, 712, 720-723$95174$020139747$w10D04_01
=653  \\$aklavecimbel_Nederland 17e eeuw$3547$933500$020139748$w10D04_02
=653  \\$al'Allouette$347, 357$933828$020139747$w10D04_01
=653  \\$aLalouette$3575$933862$020139748$w10D04_02
=653  \\$aLambert, M.$36, 7, 46, 306$933865$020139748$w10D04_02
=653  \\$aLe Bègue$3169$933951$020139747$w10D04_01
=653  \\$aLeclair, J.M.$3376-379, 679$933972$020139747$w10D04_01
=653  \\$aLeopold I$3182$922858$020139747$w10D04_01
=653  \\$aLeyden, L.V.$340-42$934080$020139748$w10D04_02
=653  \\$aMander, K. v.$3721, 722$934417$020139748$w10D04_02
=653  \\$aMantegna, A.$365, 66$934435$020139748$w10D04_02
=653  \\$aMarsyas$391, 92$934490$020139748$w10D04_02
=653  \\$aMassaccio$396, 97$934514$020139748$w10D04_02
=653  \\$aMatsijs, Q.$3401$934531$020139748$w10D04_02
=653  \\$aMaugars, A.$3150$934550$020139747$w10D04_01
=653  \\$aMaupin$3102-105$934553$020139748$w10D04_02
=653  \\$aMetsu, G.$3120$934725$020139748$w10D04_02
=653  \\$aMichelangelo$3674$910268$020139747$w10D04_01
=653  \\$aMichelangelo$3122-130, 257, 279, 419, 420, 553, 704$910268$020139748$w10D04_02
=653  \\$aMinoret, G.$3155$934773$020139748$w10D04_02
=653  \\$aMolière$3161-164$95673$020139748$w10D04_02
=653  \\$aMoreau, J.B.$3174$934880$020139748$w10D04_02
=653  \\$aopera$315-18, 414, 415$935411$020139747$w10D04_01
=653  \\$aopera$3170, 171$935411$020139748$w10D04_02
=653  \\$aOuvrard, R.$3233$935672$020139748$w10D04_02
=653  \\$aPalladio, A.$3237-240$935728$020139748$w10D04_02
=653  \\$aPélissier$3280, 281$935839$020139748$w10D04_02
=653  \\$aPetitpas$3300$935892$020139748$w10D04_02
=653  \\$aPhilbert$3305, 306$935920$020139748$w10D04_02
=653  \\$aPiccini$3739, 740$935958$020139747$w10D04_01
=653  \\$aPicot, E.$3313, 314$935965$020139748$w10D04_02
=653  \\$aPlantijn, C.$3329-332$936014$020139748$w10D04_02
=653  \\$aPorpora$3690$936084$020139747$w10D04_01
=653  \\$aPorpora$3346$936084$020139748$w10D04_02
=653  \\$aprijs van schilderij$3771, 772$936192$020139748$w10D04_02
=653  \\$aQuinault, fam.$345, 397-401$936303$020139748$w10D04_02
=653  \\$aRaphael$3257, 296, 349, 418-423$923122$020139748$w10D04_02
=653  \\$aRembrandt$3587, 772$914481$020139747$w10D04_01
=653  \\$aRembrandt$3431-435$914481$020139748$w10D04_02
=653  \\$aReni, G.$3674-677$938373$020139747$w10D04_01
=653  \\$aRibara, J.$3559-562$938406$020139747$w10D04_01
=653  \\$aRobert$3458, 459$938487$020139748$w10D04_02
=653  \\$aRochois, M. le$3459, 460$938495$020139748$w10D04_02
=653  \\$aRomano, G.$3750-753$938526$020139747$w10D04_01
=653  \\$aRomano, G.$3365$938526$020139748$w10D04_02
=653  \\$aSadeler, fam.$3498-500$938677$020139748$w10D04_02
=653  \\$aSaftleven, H.$3782, 783$938681$020139748$w10D04_02
=653  \\$aSchuurmans, A.-M.$3546-548$939011$020139748$w10D04_02
=653  \\$aSénaillié, J.B.$3556$939052$020139748$w10D04_02
=653  \\$aSenesino$3690$923785$020139747$w10D04_01
=653  \\$aSenesino$3348, 349$923785$020139748$w10D04_02
=653  \\$aSt. Colombe$375$936458$020139748$w10D04_02
=653  \\$aSteen, J.$3581, 582$936521$020139748$w10D04_02
=653  \\$aStevin$3588, 589$936585$020139748$w10D04_02
=653  \\$aStruck, B.$3158$936646$020139747$w10D04_01
=653  \\$aThevenard$3165$98793$020139747$w10D04_01
=653  \\$aThevenard, G.-V.$3616, 617$936903$020139748$w10D04_02
=653  \\$aTintoretto$3634-638$914794$020139748$w10D04_02
=653  \\$atoonkwaliteit$3158, 680$937028$020139747$w10D04_01
=653  \\$aVeen, O. v.$3227-229$937367$020139748$w10D04_02
=653  \\$aVeronese, P.$3295, 296$937454$020139747$w10D04_01
=653  \\$aVeronese, P.$3685, 723-726$937454$020139748$w10D04_02
=653  \\$aVignole, J.$3730-735$937544$020139748$w10D04_02
=653  \\$avuurwerk$3285, 615$937821$020139747$w10D04_01
=653  \\$azichzelf begeleiden$3150$938139$020139747$w10D04_01
=856  \\$uhttps://gallica.bnf.fr/view3if/ga/ark:/12148/bpt6k9800671w/f9$3vol. 1 (IIIF)
=856  \\$uhttps://gallica.bnf.fr/view3if/ga/ark:/12148/bpt6k9811912n/f11$3vol. 2 (IIIF)
=942  \\$cBOO
=952  \\$00$10$2ddc$3Tome premier$40$6KTS_1_000000000000000_C2_48_10D04_01$70$8RAR$92838$aORPH$bORPH$cKTS1_C2$d2020-07-08$eKoopman$l0$oKTS1 C2.48 10D04_01$p20139747$r2021-01-12 00:00:00$w2021-01-12$yBOO
=952  \\$00$10$2ddc$3Tome second$40$6KTS_1_000000000000000_C2_48_10D04_02$70$8RAR$922277$aORPH$bORPH$cKTS1_C2$d2020-07-08$eKoopman$l0$oKTS1 C2.48 10D04_02$p20139748$r2022-11-23 00:00:00$w2021-01-12$yBOO
=999  \\$d2838

