=LDR  08320aam a2201609   4500
=001  2841
=005  20251031161218.0
=008  220208s1752\\\\||||||||\||||\00|\0\mul\d
=041  \\$ager$alat
=100  \\$aMattheson, Johann$d1681-1764$4aut$1http://www.wikidata.org/entity/Q170333$95222
=245  \\$aPhilologisches Tresespiel; De eruditione musica schediasma epistolicum
=246  \1$aMatthesons Philologisches Tresespiel
=250  \\$a1st ed. [Tresespiel]; 2nd ed. [De eruditione]
=260  \\$aHamburg$bMartini$c1752
=300  \\$a2 vols. in 1 ([xxx]-133-[10]+29 pages)
=500  \\$aThe 'Tresespiel' is also available in facsimile, see TRE MATT
=534  \\$a'De eruditione musica' was originally published in 1732$ohttps://books.google.be/books?id=ICFGAAAAcAAJ
=590  \\$aals ein kleiner Beytrag zur kritischen Geschichte der deutschen Sprache, vernehmlich aber, mittelst gescheuter Anwendung, in der Tonwissenschaft nützlich zu gebrauchen. Subiuncta novissima editione Schediasmatis de Eruditione Musica.
=590  \\$aaccedunt eiusdem Litteræ ad V. CI. C. F. L. de eodem argumento scriptæ. Secunda editio.
=648  \0$a18th Century (1701-1800)$1http://www.wikidata.org/entity/Q7015$920899
=650  \0$aMusic theory$1http://www.wikidata.org/entity/Q193544$92662
=650  \0$aLinguistics$1http://www.wikidata.org/entity/Q8162$93902
=650  \0$aGerman$1http://www.wikidata.org/entity/Q188$923675
=651  \0$aHamburg (Germany)$1http://www.wikidata.org/entity/Q1055$921940
=653  \0$aAggrell$399$020134275$w10D07$928522
=653  \0$aAgrell$399$020134275$w10D07$928529
=653  \0$aAgricola, M.$317, 18$020134275$w10D07$928537
=653  \0$aBach, J.S._Kunst der Fuge$398$020134275$w10D07$928967
=653  \0$aBach, J.S._na dood$398$020134275$w10D07$928973
=653  \0$abezetting_instrumentaal$398$020134275$w10D07$929534
=653  \0$abezetting_vocaal$383, 84, 98$020134275$w10D07$929535
=653  \0$aBan, A.$313$020134275$w10D07a$929060
=653  \0$abc$398, 99$020134275$w10D07$929236
=653  \0$abourrée$310, 11$020134275$w10D07$929844
=653  \0$aBrossard, S.$36$020134275$w10D07$929961
=653  \0$aBrossard, S.$37$020134275$w10D07a$929961
=653  \0$aCampra$394$020134275$w10D07$930172
=653  \0$acantor$357, 63, 103$020134275$w10D07$930207
=653  \0$acastraten$382, 100, 101$020134275$w10D07$930282
=653  \0$acello$38$020134275$w10D07$930344
=653  \0$aOpitz$366$020134275$w10D07$935440
=653  \0$aCuzzoni$383$020134275$w10D07$930878
=653  \0$adansen$358, 103$020134275$w10D07$930928
=653  \0$aoud-nieuw$3111$020134275$w10D07$935651
=653  \0$adiminuties$390$020134275$w10D07$931087
=653  \0$adoedelzak$39, 10$020134275$w10D07$931125
=653  \0$aDoni, J.B.$3101, 102$020134275$w10D07$931147
=653  \0$adraailier$39, 10$020134275$w10D07$931190
=653  \0$aDuits-Italiaanse tekst$3122-128$020134275$w10D07$931277
=653  \0$aDuitse muziek$375-94, 114, 121$020134275$w10D07$931280
=653  \0$aemoties$357$020134275$w10D07$931445
=653  \0$aFaustina B.$384$020134275$w10D07$931627
=653  \0$aQuinault$378$020134275$w10D07$936302
=653  \0$aQuintilianus, A.$311, 21$020134275$w10D07a$936313
=653  \0$aSorge, A.$399$020134275$w10D07$936376
=653  \0$aSteffani$311$020134275$w10D07$936524
=653  \0$astemomvang$384$020134275$w10D07$936561
=653  \0$aFrans-Italiaans_in middeleeuwen$389, 90$020134275$w10D07$931875
=653  \0$aFranse invloed in Duitsland$397, 98$020134275$w10D07$931878
=653  \0$aFux, J.J.$3128, 129$020134275$w10D07$931956
=653  \0$aGafurius$393$020134275$w10D07$931969
=653  \0$agavotte$311$020134275$w10D07$932051
=653  \0$atekstuitspraak$3126$020134275$w10D07$936786
=653  \0$aTelemann, G.P.$397$020134275$w10D07$936796
=653  \0$atetrachord$363, 64$020134275$w10D07$936876
=653  \0$aGraun$381-83$020134275$w10D07$932339
=653  \0$agregoriaans$386-91$020134275$w10D07$932368
=653  \0$atrillers etc.$356, 90$020134275$w10D07$937146
=653  \0$aHändel, G.F.$384$020134275$w10D07$932536
=653  \0$atrompet$3117, 119$020134275$w10D07$937194
=653  \0$aHasse$384$020134275$w10D07$932603
=653  \0$aHeinichen$384$020134275$w10D07$932675
=653  \0$ahobo$39$020134275$w10D07$932805
=653  \0$aviola d'amore$38, 9$020134275$w10D07$937580
=653  \0$aviolon$38$020134275$w10D07$937598
=653  \0$aviolone$38$020134275$w10D07$937600
=653  \0$aviool$37, 8, 63, 64$020134275$w10D07$937605
=653  \0$aHuygens, C.$3xx$020134275$w10D07$933032
=653  \0$ainvloed_Italië in Duitsland$381-85, 92, 102, 122, 123, 127$020134275$w10D07$933119
=653  \0$ainvloed_Italië in Europa$397$020134275$w10D07$933120
=653  \0$ainvloed_Italië in Frankrijk$389$020134275$w10D07$933122
=653  \0$aVossius, G.J.$3128, 129$020134275$w10D07$937784
=653  \0$aVossius, G.J.$310, 13$020134275$w10D07a$937784
=653  \0$aWalther, J.G.$36, 93$020134275$w10D07$937860
=653  \0$aWalther, J.G.$38, 15$020134275$w10D07a$937860
=653  \0$aZarlino$385, 93$020134275$w10D07$938113
=653  \0$aZeno, A.$375, 85$020134275$w10D07$938130
=653  \0$aRameau, J.Ph.$394-96$020134275$w10D07$938230
=653  \0$aklavier = ...$38$020134275$w10D07$933594
=653  \0$akoor/orkestbezetting$398, 117$020134275$w10D07$933678
=653  \0$akwaliteit van concert$398$020134275$w10D07$933813
=653  \0$asalaris$398-101, 114, 117$020134275$w10D07$938697
=653  \0$aLobwasser$3116$020134275$w10D07$934164
=653  \0$aScheibe$315$020134275$w10D07a$938809
=653  \0$aScheidt$315 (?)$020134275$w10D07a$938822
=653  \0$aSchütz, H.$3102$020134275$w10D07$939007
=653  \0$aLuther$365, 91$020134275$w10D07$934294
=653  \0$aLuther$38, 9, 14, 23$020134275$w10D07a$934294
=653  \0$aMaffei$385$020134275$w10D07$934357
=653  \0$aMarcello, B.$385$020134275$w10D07$934447
=653  \0$aMetastasio$375, 85$020134275$w10D07$934709
=653  \0$aMizler$315$020134275$w10D07a$934781
=653  \0$aMondonville$395$020134275$w10D07$934813
=653  \0$amusette$39, 10$020134275$w10D07$934965
=653  \0$amusette = draailier$39, 10$020134275$w10D07$934967
=653  \0$amuziek$32, 3, 5, 53-58, 65, 72, 114, 115$020134275$w10D07$934990
=653  \\$aBeer$315$925976$020134275$w10D07a
=653  \\$aBendeler$315$929417$020134275$w10D07a
=653  \\$aBernhard, C.$3102$929459$020134275$w10D07
=653  \\$aclavecin d'amour$39$930511$020134275$w10D07
=653  \\$aDescartes$315$931024$020134275$w10D07a
=653  \\$adoel van de muziek$353, 57, 59$931127$020134275$w10D07
=653  \\$aethymologie$313 etc.$931540$020134275$w10D07
=653  \\$aForqueray, A.$398, 114$931826$020134275$w10D07
=653  \\$aForster, C.$3102$931829$020134275$w10D07
=653  \\$aGardner, C.$3115$932006$020134275$w10D07
=653  \\$aLully$353, 54, 78, 94, 96$934271$020134275$w10D07
=653  \\$alyra = musette$39, 10$934307$020134275$w10D07
=653  \\$aMeibomius, M.$377$934616$020134275$w10D07
=653  \\$aMeibomius, M.$311$934616$020134275$w10D07a
=653  \\$aMichelangelo$3130$910268$020134275$w10D07
=653  \\$aMylius$315$935117$020134275$w10D07a
=653  \\$aPrintz, J.C.$3102$936211$020134275$w10D07
=653  \\$aRaphael$3130$923122$020134275$w10D07
=653  \\$aSalinas$393$938708$020134275$w10D07
=653  \\$aStrungk, N.$3102$936647$020134275$w10D07
=653  \\$aTe Deum$398$923511$020134275$w10D07
=653  \\$aTresespiel$33, 4$937100$020134275$w10D07
=653  \\$aTurkse muziek$3115$937233$020134275$w10D07
=653  \\$averklaring van titel$33, 4$937414$020134275$w10D07
=653  \\$aviola da spalla$38$937584$020134275$w10D07
=653  \\$aVockerodt$315$937683$020134275$w10D07a
=856  \\$uhttps://reader.digitale-sammlungen.de/de/fs1/object/display/bsb10599051_00001.html$3Bavarian State Library
=856  \\$uhttps://api.digitale-sammlungen.de/iiif/presentation/v2/bsb10599051/manifest$3IIIF manifest
=942  \\$cBOO
=952  \\$00$10$2ddc$40$6KTS_1_000000000000000_C2_48_10D07$70$8RAR$92841$aORPH$bORPH$cKTS1_C2$d2020-07-08$eKoopman$g2200.00$oKTS1 C2.48 10D07$p20134275$r2021-01-12 00:00:00$w2021-01-12$yBOO
=999  \\$d2841

