=LDR  03287aam a2200445   4500
=001  2843
=005  20251013181018.0
=008  221124s1711\\\\|||ag|||\||||\00|\0\ger\d
=041  \\$ager
=059  \\$av bc
=100  \\$aCrüger, Johann$d1598-1662$4aut$4cmp$1http://www.wikidata.org/entity/Q158097$97135
=245  \\$aPraxis pietatis melica, das ist: Übung der Gottseligkeit in Christlichen und trostreichen Gesängen
=250  \\$a34th Ed.
=260  \\$aBerlin$bLorentz$c1711
=300  \\$a[xlii]-1200 pages$bdouble-paged engraved frontispiece, music examples
=500  \\$aManuscript notes on front matter
=500  \\$aTwo remarkable frontispiece engravings: on the left: rocky landscape by the sea depicting two females striking twin timpani, large crowds of people and a unicorn; on the right: architectural tomb adorned with grieving women and their children, with castrum doloris covered with two facing corpses
=500  \\$aManuscript notes on front matter (dedication or ex libris letter?) dated Berlin 20 august 1712
=501  \\$aBound in with Habermann's 'Christliches Gebet-buch'
=520  \\$aThis Protestant hymnal, intended for use in both church and private services, was first published in the 17th century. The hymnal, which appeared under this title from 1647 to 1737 in forty-five editions, has been described as "the most successful and widely-known Lutheran hymnal of the 17th century"
=533  \\$aDigitized by iGuana, Spring 2025.
=563  \\$aMarbled end papers, gilt gauffered edges, metal locks 
=590  \\$aHerrn D. Martini Lutheri fürnemlich wie auch anderer seiner getreuen Nachfolger und reiner Evangelischer Lehre Bekenner; Ordentlich zusammen gebracht und itzo Mit den neuesten schönsten und Trostreichsten Liedern bis 1204 vermehret. Auch zu Beförderung des so wol Kirchen- als Privat Gottesdienstes die nöthigsten mit beygesetzten bisshero gebräuchlichen und vielen schönen neuen Melodeyen nebst dem dazu gehörigen Fundament angeordnet. Nebst Johann Habermanns vermehrten Gebet-Buche. Editio XXXIV
=648  \0$a17th Century (1601-1700)$1http://www.wikidata.org/entity/Q7016$920923
=648  \0$a18th Century (1701-1800)$1http://www.wikidata.org/entity/Q7015$920899
=650  \0$aLutheranism$1http://www.wikidata.org/entity/Q75809$923975
=650  \0$aHymnal$1http://www.wikidata.org/entity/Q1516252$925376
=650  \0$aVocal music$1http://www.wikidata.org/entity/Q685884$93319
=650  \0$aChorale$1http://www.wikidata.org/entity/Q724473$921334
=651  \0$aGermany$1http://www.wikidata.org/entity/Q183$9155
=653  \0$amuzieknotatie$3wb$020139776$w10D08$935087
=653  \0$afermate$3wb$020139776$w10D08$931664
=653  \0$aslagwerk$3tp$020139776$w10D08$939152
=653  \0$ameer benutten zelfde partituur$3wb$020139776$w10D08$934589
=653  \\$aO gott du frommer gott$3833, 834$935304$020139776$w10D08
=700  \\$4aut$aLuther, Martin$d1483-1546$1http://www.wikidata.org/entity/Q9554$94999
=700  \\$4aut$aGerhardt, Paul$d1607-1676$1http://www.wikidata.org/entity/Q76331$98766
=942  \\$cBOO
=952  \\$00$10$2ddc$40$6KTS_1_000000000000000_C2_48_10D08A$70$8RAR$92843$aORPH$bORPH$cKTS1_C2$d2020-07-08$eKoopman$l0$oKTS1 C2.48 10D08a$p20139776a$r2021-01-12 00:00:00$w2021-01-12$yBOO
=999  \\$d2843

