=LDR  02476aam a2200325   4500
=001  2844
=005  20250923161049.0
=008  221124s1712\\\\|||c||||\||||\00|\0\ger\d
=041  \\$ager
=100  \\$aHabermann, Johann$d1516-1590$4aut$1http://www.wikidata.org/entity/Q90836$97137
=245  \\$aChristliches Gebet-Buch auf all Tage in der Wochen zu gebrauchen
=260  \\$aBerlin$bLorentz$c1712
=300  \\$a122-[2] pages$bengraved frontispiece
=500  \\$aHabermann was a Lutheran theologian, edification writer and Hebraist
=501  \\$aBound in with Crüger's 'Praxis pietatis melica' 
=520  \\$aHabermann's prayer book apportioned for the first time the prayers for various Christian needs among the several days of the week. With a few exceptions the prayers are written in plain Biblical language, without ornament. The work was translated into Latin, English (as The Enimie of Securitie, London, 1580), and French, and was widely circulated in Protestant circles. Despite its occasional crudities of expression the book is still used; and some of the prayers have passed into church books. 
=534  \\$aOriginally published in 1565 as 'Christliche Gebet für alle Not und Stende der gantzen Christenheit'
=561  \\$aEx libris Frederikke Tuxen (plate)
=563  \\$aMarbled end papers, gilt gauffered edges, metal locks
=590  \\$aAm Ende ist auch ein schöner und nötiger Unterricht für diejenigen so zum Tische des Herrn gehen wollen nebst denen dazu gehörigen Gebeten mit hinangefüget: Darauf folgen dan weiter die drey haupt-Symbola zusamt einigen schönen anderen mehren Krancken- und Starb-Gebetlein wie imgleichen vielen schönen Trost- Kraft- und Kern-Sprüchen. Nach verschiedenen andern Editionen übersehen und an vielen Orten wieder ersetzet.
=648  \0$a17th Century (1601-1700)$1http://www.wikidata.org/entity/Q7016$920923
=648  \0$a18th Century (1701-1800)$1http://www.wikidata.org/entity/Q7015$920899
=650  \0$aPrayer$1http://www.wikidata.org/entity/Q40953$921486
=650  \0$aLutheranism$1http://www.wikidata.org/entity/Q75809$923975
=651  \0$aGermany$1http://www.wikidata.org/entity/Q183$9155
=773  \\$02843$tPraxis pietatis melica$w2843
=942  \\$cBOO
=952  \\$00$10$2ddc$40$6KTS_1_000000000000000_C2_48_10D08B$70$8RAR$92844$aORPH$bORPH$cKTS1_C2$d2020-07-08$eKoopman$l0$oKTS1 C2.48 10D08b$p20139776b$r2021-01-12 00:00:00$w2021-01-12$yBOO
=999  \\$d2844
=533  \\$aDigitized by iGuana, Spring 2025.

