=LDR  02025aam a2200325   4500
=001  2845
=005  20250923161049.0
=008  211117s1782\\\\\\\|||||\||||\00|\0\fre\d
=041  \\$afre
=059  \\$av
=100  \\$aLa Feillée, François de$dc. 1700-1763$4aut$1http://www.wikidata.org/entity/Q105946728$95432
=245  \\$aNouvelle méthode pour apprendre facilement les règles du plain-chant et de la psalmodie
=250  \\$arev. ed.
=260  \\$aPoitiers$bFaulcon$bBarbier$c1782
=300  \\$aviii-[iv]-611 pages$bmarbled edges and endpapers, leather bound, gilt embossed spine
=500  \\$aOriginally published in 1748
=500  \\$aFrançois de La Feillée was a botanist, abbot, attached to the music of the cathedrals of Chartres and Poitiers. We owe him an abridged antiphonary, published in Paris by Hérissant in 1751, this manual of plainchant and some compositions.
=500  \\$ahttps://www.musicologie.org/Biographies/l/la_feillee_francois_de.html
=590  \\$aAvec des Messes & autres Ouvrages en Plain-chant figuré & musical, pour les Fêtes solemneles, à voix seule & en partie, à l'usage des Paroisses & Communautés Religieuses, Nouvelle édition, revue, corrigée, & augmentée par un Ecclésiastique, Èleve de M. de la Feillée
=648  \0$a18th Century (1701-1800)$1http://www.wikidata.org/entity/Q7015$920899
=650  \0$aMethod$1http://www.wikidata.org/entity/Q2250960$921402
=650  \0$aPlainchant$1http://www.wikidata.org/entity/Q2707688$921363
=650  \0$aPsalm$1http://www.wikidata.org/entity/Q12497663$92164
=650  \0$aSinging$1http://www.wikidata.org/entity/Q27939$92767
=650  \0$aCatholicism$1http://www.wikidata.org/entity/Q1841$921631
=651  \0$aFrance$1http://www.wikidata.org/entity/Q142$9131
=942  \\$cBOO
=952  \\$00$10$2ddc$40$6KTS_1_000000000000000_C2_48_10D09$70$8RAR$92845$aORPH$bORPH$cKTS1_C2$d2020-07-08$eKoopman$l0$oKTS1 C2.48 10D09$p20139778$r2021-01-12 00:00:00$w2021-01-12$ySCO
=999  \\$d2845
=533  \\$aDigitized by iGuana, Spring 2025.

