=LDR  02330aam a2200313   4500
=001  2846
=008  221124s1786\\\\||||||||\||||\00|\f\fre\d
=041  \\$afre
=100  \\$aMontesquieu, Charles de Secondat$d1689-1755$4aut$1http://www.wikidata.org/entity/Q15975$97138
=245  \\$aLettres persanes
=250  \\$a2nd Ed.
=260  \\$aAmsterdam$bs.n.$c1786
=300  \\$a527 pages
=504  \\$aIncludes an index
=520  \\$a'Persian Letters' is a literary work recounting the experiences of two fictional Persian noblemen, Usbek and Rica, who spend several years in France under Louis XIV and the Regency. Lettres persanes was an immediate and durable sensation and was often imitated, but it has been diversely read over time. Until the middle of the twentieth century, it was the "spirit" of the Regency which was largely admired, as well as the caricature in the classical tradition of La Bruyère, Pascal and Fontenelle. No one thought to attach it to the novelistic genre. The Persian side of the story tended to be considered as a fanciful decor, the true interest of the work lying in its factitious "oriental" impressions of French society, along with political and religious satire and critique. In the 1950s began a new era of studies based on better texts and renewed research. 
=534  \\$aOriginally published in 1721
=563  \\$aMarbled end papers and edges, leather bound, embossed gilt spine
=590  \\$aAugmentée de douze lettres qui ne se trouvent point dans les précédentes, et d'une table des Matieres
=648  \0$a18th Century (1701-1800)$1http://www.wikidata.org/entity/Q7015$920899
=650  \0$aPhilosophy$1http://www.wikidata.org/entity/Q5891$92357
=650  \0$aNovel$1http://www.wikidata.org/entity/Q8261$921629
=650  \0$aCorrespondence$1http://www.wikidata.org/entity/Q1784733$921392
=650  \0$aSatire$1http://www.wikidata.org/entity/Q128758$921636
=650  \0$aEnlightenment$1http://www.wikidata.org/entity/Q12539$94532
=651  \0$aFrance$1http://www.wikidata.org/entity/Q142$9131
=651  \0$aPersian Empire$1http://www.wikidata.org/entity/Q83311$923635
=942  \\$cBOO
=952  \\$00$10$2ddc$40$6KTS_1_000000000000000_C2_48_10D10$70$8RAR$92846$aORPH$bORPH$cKTS1_C2$d2020-07-08$eKoopman$l0$oKTS1 C2.48 10D10$p20139779$r2021-01-12 00:00:00$w2021-01-12$yBOO
=999  \\$d2846

