=LDR  06045aam a2200949   4500
=001  2847
=008  220901s1756\\\\|||c||||\||||\00|\0aeng\d
=041  \\$aeng
=100  \\$aCibber, Colley$d1671-1757$4aut$1http://www.wikidata.org/entity/Q918326$95408
=245  \\$aAn Apology for the Life of Colley Cibber, Comedian and Late Patentee of the Theatre-Royal
=250  \\$a4th ed.
=260  \\$aLondon$bDodsley$c1756
=300  \\$a2 volumes (324+[xii]-303-[30] pages)$bengraved frontispiece
=500  \\$aFor the first edition (1740), see 03K23
=500  \\$afrontispiece engraving by John S. Miller (1715–c.1792) a German engraver and botanist active in London, after Charles-André van Loo (1705-1765)
=500  \\$aColley Cibber was an English actor-manager, playwright and Poet Laureate. His colourful memoir describes his life in a personal, anecdotal and even rambling style. His importance in British theatre history rests on his being one of the first in a long line of actor-managers, on the interest of two of his comedies as documents of evolving early 18th-century taste and ideology, and on the value of his autobiography as a historical source. 
=504  \\$aIncludes 2 indexes
=534  \\$aOriginally published in 1740
=590  \\$aWith an Historical View of the Stage During His Own Time. With an account of the rise and the progress of the English stage: A dialogue on old plays, and old players: and a list of dramatic authors and their works.
=600  \0$aCibber, Colley$d1671-1757$1http://www.wikidata.org/entity/Q918326$95408
=610  \0$aTheatre Royal, Drury Lane (London, United Kingdom)$1http://www.wikidata.org/entity/Q1756626$921061
=648  \0$a18th Century (1701-1800)$1http://www.wikidata.org/entity/Q7015$920899
=650  \0$aActor$1http://www.wikidata.org/entity/Q33999$93442
=650  \0$aBiography$1http://www.wikidata.org/entity/Q36279$91927
=651  \0$aUnited Kingdom$1http://www.wikidata.org/entity/Q21$9273
=653  \0$aactrice$368, 69, 74, 90$020139781$w10D11$928463
=653  \0$aAddison$3269, 270$020139782$w10D12$928483
=653  \0$aafwisseling$376-83, 92$020139781$w10D11$928514
=653  \0$aapplaus$366, 75, 77, 81-83, 101, 151, 161, 162, 168$020139781$w10D11$928735
=653  \0$aBetterton, T.$374-85 87-89, 95, 100, 120, 121, 138, 141, 143, 148, 150, 153, 166, 229, 311$020139781$w10D11$929505
=653  \0$aBetterton, T.$3246, 247$020139782$w10D12$929505
=653  \0$abezetting_instrumentaal$3121, 164, 232, 281$020139781$w10D11$929534
=653  \0$abezetting_vocaal$3121, 164, 232, 281$020139781$w10D11$929535
=653  \0$acastraten$380, 164, 279, 281$020139781$w10D11$930282
=653  \0$aCorelli, A.$3102$020139782$w10D12$930736
=653  \0$aopera in Engeland_17e eeuw$371$020139781$w10D11$935419
=653  \0$aCuzzoni$3304, 305$020139781$w10D11$930878
=653  \0$adansen$3226$020139781$w10D11$930928
=653  \0$adansen$350, 51, 53$020139782$w10D12$930928
=653  \0$aoud-nieuw$317$020139781$w10D11$935651
=653  \0$aDryden, J.$3231, 232$020139782$w10D12$931226
=653  \0$aemoties$368, 75-78, 84, 92, 302$020139781$w10D11$931445
=653  \0$aentréeprijs$3169, 244$020139781$w10D11$931492
=653  \0$aentréeprijs$373$020139782$w10D12$931492
=653  \0$apubliek$359-61, 66, 75, 82, 83, 168$020139781$w10D11$936257
=653  \0$apubliek$3102$020139782$w10D12$936257
=653  \0$aPurcell, H.$3121, 136$020139781$w10D11$936282
=653  \0$aFielding, H.$3284, 285$020139782$w10D12$931701
=653  \0$aFranse invloed in Engeland$3234$020139781$w10D11$931879
=653  \0$aGarrick, D.$3294$020139782$w10D12$932010
=653  \0$atekst$384$020139781$w10D11$936775
=653  \0$aGay, J.$3273, 274$020139782$w10D12$932052
=653  \0$atekstuitspraak$3103, 104, 122$020139781$w10D11$936786
=653  \0$aHändel, G.F.$3271$020139782$w10D12$932536
=653  \0$aItaliaanse invloed in Engeland$3232, 233, 279-283, 304-306$020139781$w10D11$933143
=653  \0$aItaliaanse invloed in Engeland$350$020139782$w10D12$933143
=653  \0$aJohnson, B.$3188-191$020139782$w10D12$933226
=653  \0$arederijkers$3112, 113$020139782$w10D12$938298
=653  \0$asalaris$3122, 134, 136, 137, 141, 142, 146, 169, 184, 185, 192, 193, 202, 224, 240, 245, 282, 289, 294, 295, 318, 319, 321$020139781$w10D11$938697
=653  \0$asalaris$320, 28, 45, 47, 79$020139782$w10D12$938697
=653  \0$aShakespeare$368, 69, 74-83, 86 etc., 104, 120, 146-149, 153$020139781$w10D11$939086
=653  \0$aShakespeare, W.$3179-183, 213, 214$020139782$w10D12$939087
=653  \0$amise-en-scène$371, 74, 75 etc., 201, 230, 301, 302$020139781$w10D11$939272
=653  \0$amise-en-scène$3122, 123$020139782$w10D12$939272
=653  \0$aMilton, J.$3209$020139782$w10D12$934766
=653  \\$aBeggars opera$3177-180, 228$929362$020139781$w10D11
=653  \\$aDavenant, W. + C.$3213, 214, 243$930960$020139782$w10D12
=653  \\$aDecker, T.$3187, 188$930978$020139782$w10D12
=653  \\$aFarinelli$3281, 304$931610$020139781$w10D11
=653  \\$aFaustina B.$3304, 305$931627$020139781$w10D11
=653  \\$aFletcher, J.$3191-194$931765$020139782$w10D12
=653  \\$aMarlow, C.$3178$934473$020139782$w10D12
=653  \\$aSenesino$3279, 281-283$923785$020139781$w10D11
=653  \\$aSteele, R.$3266, 267$936519$020139782$w10D12
=653  \\$aTofts$3282, 283$936997$020139781$w10D11
=653  \\$aValentini$3232, 281, 283$937317$020139781$w10D11
=856  \\$uhttps://books.google.be/books?id=jLdaAAAAcAAJ$3vol. 1
=856  \\$uhttps://books.google.be/books?id=nrdaAAAAcAAJ$3vol. 2
=942  \\$cBOO
=952  \\$00$10$2ddc$3vol. 1$40$6KTS_1_000000000000000_C2_48_10D11$70$8RAR$92847$aORPH$bORPH$cKTS1_C2$d2020-07-08$eKoopman$l0$oKTS1 C2.48 10D11$p20139781$r2021-01-12 00:00:00$w2021-01-12$yBOO
=952  \\$00$10$2ddc$3vol. 2$40$6KTS_1_000000000000000_C2_48_10D12$70$8RAR$922281$aORPH$bORPH$cKTS1_C2$d2020-07-08$eKoopman$l0$oKTS1 C2.48 10D12$p20139782$r2022-11-24 00:00:00$w2021-01-12$yBOO
=999  \\$d2847

