=LDR  01992aam a2200241   4500
=001  2850
=008  221124r17391686||||||||\||||\00|\0\lat\d
=041  \\$alat
=100  \\$aAler, Paul$d1656-1727$4aut$1http://www.wikidata.org/entity/Q552883$97140
=245  \\$aGradus ad Parnassum, sive Novus synonymorum, epithetorum, phrasium poeticarum, ac versuum thesaurus
=260  \\$aAmsterdam$bJanssonius$c1739
=300  \\$a[ii]-747 pages
=500  \\$aThe Latin phrase Gradus ad Parnassum, "steps to Parnassus", became famous when Jesuit Paul Aler (1656–1727), a schoolmaster, published in 1687 anew an earlier Thesaurus attributed to Pierre Joulet, sieur de Chastillon (1545–1621). This was not a general dictionary but a thesaurus of synonyms, epithets, verses and phrases in classical poetic usage. The work in Alers' form existed into the 19th century with the definitions as well as the entries written in Latin. Known to many generations of students throughout Europe, and passing through numerous editions, 19th century English-speaking schoolchildren knew the 1818 revision by Dr John Carey (1756–1826) simply as 'Carey's Gradus'. It was specially intended for the study and appreciation of Latin poetry of the classical period, and to aid students in the practice of verse composition.
=500  \\$adrawing of a church in brown pencil in the back
=648  \0$a18th Century (1701-1800)$1http://www.wikidata.org/entity/Q7015$920899
=650  \0$aLinguistics$1http://www.wikidata.org/entity/Q8162$93902
=650  \0$aLiterature$1http://www.wikidata.org/entity/Q8242$94439
=650  \0$aPoetry$1http://www.wikidata.org/entity/Q482$93026
=651  \0$aGermany$1http://www.wikidata.org/entity/Q183$9155
=856  \\$uhttps://books.google.be/books?id=kbRaAAAAcAAJ$3Google Books
=942  \\$cBOO
=952  \\$00$10$2ddc$40$6KTS_1_000000000000000_C2_48_10D16$70$8RAR$92850$aORPH$bORPH$cKTS1_C2$d2020-07-08$eKoopman$l0$oKTS1 C2.48 10D16$p20139772$r2021-01-12 00:00:00$w2021-01-12$yBOO
=999  \\$d2850

