=LDR  03043    a2200469   4500
=001  2852
=008  221124s1731\\\\|||af|||\||||\00|\0\mul\d
=041  \\$afre$ager
=100  \\$aPlats, Georg Philipp$4aut$97142
=245  \\$aLe Cellarius françois, ou Méthode très façile pour aprendre sans peine & en peu de tems les mots les plus neçessaires de la langue françoise
=260  \\$aNuremberg$bMonath$c1731
=300  \\$a[xiv]-368-[88]-[viii]-213-[16] pages$btitlepage in red and black ink
=500  \\$aGerman method to learn French
=500  \\$afrontispiece: scene located in the gardens of Versailles, with the subscription: "Den muß Cellarius Zu seiner Wort-Meng führen, der einst mit Gallien verlangt zu discuriren" + in the upper left corner "Versailles"
=501  \\$aPlats' 'Einleitung zu dem also betitelten Wörter-Buch, der Französische Cellarius, nebst verschieden - anderen sehr nüzlich- und nöthigen Dingen, vor diejenigen, welche die Französische Sprach, ohne Regel spielend und doch gründlich zu lernen verlangen' (1729)
=534  \\$aOriginally publshed in 1719 (?)$ohttps://gdz.sub.uni-goettingen.de/id/PPN656756888?tify=%7B%22pages%22%3A%5B7%5D%2C%22pan%22%3A%7B%22x%22%3A0.512%2C%22y%22%3A0.809%7D%2C%22view%22%3A%22info%22%2C%22zoom%22%3A0.393%7D
=561  \\$aEx libris Jean Teiler (manuscript) & J. Fluss (?) (manuscript)
=590  \\$aDer Französische Cellarius, oder vortheilhafftes Wörter-Buch, woraus die nüthigsten Wörter der Französischen Sprach ohne grosse Mühe und in kurtzer Zeit zu erlernen sind
=648  \0$a18th Century (1701-1800)$1http://www.wikidata.org/entity/Q7015$920899
=650  \0$aLinguistics$1http://www.wikidata.org/entity/Q8162$93902
=650  \0$aMethod$1http://www.wikidata.org/entity/Q2250960$921402
=650  \0$aDictionary$1http://www.wikidata.org/entity/Q23622$921580
=651  \0$aGermany$1http://www.wikidata.org/entity/Q183$9155
=653  \0$ablokfluit$324$020139774$w10D18_01$929645
=653  \0$abeiaard$345$020139774$w10D18_01$929377
=653  \0$aopera$3207$020139774$w10D18_02$935411
=653  \0$acourante$384$020139774$w10D18_01$930805
=653  \0$afluit$3141$020139774$w10D18_01$931782
=653  \0$atemperatuur$3334, 335$020139774$w10D18_01$936807
=653  \0$atempo$3335$020139774$w10D18_01$936814
=653  \0$atheater$3340$020139774$w10D18_01$936885
=653  \0$avibrato$3348$020139774$w10D18_01$937531
=653  \0$aklavecimbel$367$020139774$w10D18_01$933450
=653  \0$aslagwerk$3340$020139774$w10D18_01$939152
=653  \\$achanter$355$930397$020139774$w10D18_01
=653  \\$aclavier = klavecimbel$367$930531$020139774$w10D18_01
=653  \\$aflatter$3139$931750$020139774$w10D18_01
=653  \\$atendre$3335$936842$020139774$w10D18_01
=653  \\$atoneelspeler$3171-174$937016$020139774$w10D18_02
=942  \\$cBOO
=952  \\$00$10$2ddc$40$6KTS_1_000000000000000_C2_48_10D18$70$8RAR$92852$aORPH$bORPH$cKTS1_C2$d2020-07-08$eKoopman$l0$oKTS1 C2.48 10D18$p20139774$r2021-01-12 00:00:00$w2021-01-12$yBOO
=999  \\$d2852

