=LDR  05584aam a2200853   4500
=001  2853
=005  20251009083315.0
=008  221124r16781638|||c||||\||||\00|\d\dut\d
=041  \\$adut
=100  \\$aBredero, Gerbrand Adriaenszoon$d1585-1618$4aut$1http://www.wikidata.org/entity/Q560740$94858
=245  \\$aAlle de wercken, soo spelen, gedichten, brieven, kluchten en liederen
=260  \\$aAmsterdam$bHoorn$c1678
=300  \\$a[xv]-732-[ii]-62 pages$btitle page in red and black ink
=500  \\$aGerbrand Adriaenszoon Bredero (1585-1618) was a Dutch poet, playwright and 'rederijker', not of highly cultivated Renaissance literature but of a vernacular poetry. His most important work is the 1617 comedy 'Spaanschen Brabander'. His plays span three genres: farces, comedies and tragicomedies. His best-known farce is 'De klucht van de koe' from 1612. As a lyricist, he is best known for his 'Groot Liedboeck', published posthumously in 1622. Although he also wrote some successful sonnets, he had a particular aptitude for traditional song.
=500  \\$awritten in pencil on front matter: "Aan mijnen vriend Dr. W.J.A. Jonckbloet, door L. Bakhuizen van den Brink"
=500  \\$acontains a portrait of Bredero
=501  \\$aBredero's 'Boertigh, amoreus en aendachtigh, lied-boeck' (1677)
=533  \\$aDigitized by iGuana, Spring 2025.
=534  \\$aOriginally published in 1638
=590  \\$aDesen druck van nieuws oversien, en van merckelijcke druck-fauten verbetert
=648  \0$a17th Century (1601-1700)$1http://www.wikidata.org/entity/Q7016$920923
=650  \0$aComedy$1http://www.wikidata.org/entity/Q40831$921436
=650  \0$aPoetry$1http://www.wikidata.org/entity/Q482$93026
=650  \0$aCorrespondence$1http://www.wikidata.org/entity/Q1784733$921392
=650  \0$aSong$1http://www.wikidata.org/entity/Q7366$94164
=651  \0$aAmsterdam (Netherlands)$1http://www.wikidata.org/entity/Q727$9135
=653  \0$aBrederode, G. A.$3opdracht x2, fs, 723$020139784$w10D19_01$929897
=653  \0$amuziek en toneel$3x6$020139784$w10D19_01$935005
=653  \0$acomedie$3x5$020139784$w10D19_01$930610
=653  \0$aop de wijze van $3163, 401?, 481, 567, 570, 600, 605, 638, 673?$020139784$w10D19_01$935398
=653  \0$aop de wijze van $31-61$020139784$w10D19_02$935398
=653  \0$apubliek$3x11, 649$020139784$w10D19_01$936257
=653  \0$aTesselschade$3143$020139784$w10D19_01$936873
=653  \0$atombeau$3723-732$020139784$w10D19_01$937003
=653  \0$atragedie$3x4, x5$020139784$w10D19_01$937063
=653  \0$aGroot, H. de$33, 4$020139784$w10D19_01$932424
=653  \0$atrompet$337$020139784$w10D19_01$937194
=653  \0$aHeinsius$3voorreden$020139784$w10D19_01$932678
=653  \0$aHooft, P.C.$3voorreden, 644, 645$020139784$w10D19_01$932893
=653  \0$aHuygens, C.$3voorreden$020139784$w10D19_01$933032
=653  \0$aVondel$3voorreden$020139784$w10D19_01$937732
=653  \0$aretorica$3609-612, 643, 644, 646, 647$020139784$w10D19_01$938388
=653  \0$amise-en-scène$3x7, x9, x10 etc., 25, 37, 38, 49, 52, 142$020139784$w10D19_01$939272
=653  \\$aBrederode, G. A._Angeniet$3419-486$929898$020139784$w10D19_01
=653  \\$aBrederode, G. A._Claes Kloet$3722, 723$929899$020139784$w10D19_01
=653  \\$aBrederode, G. A._Griane$369-140$929900$020139784$w10D19_01
=653  \\$aBrederode, G. A._Het daget uyt den oosten$3opdracht x3, 557-606$929901$020139784$w10D19_01
=653  \\$aBrederode, G. A._klucht van de hoogduytschen Quacksalver$3706-715$929902$020139784$w10D19_01
=653  \\$aBrederode, G. A._klucht van de koe$3655-675$929903$020139784$w10D19_01
=653  \\$aBrederode, G. A._klucht van de meulenaar$3690-705$929904$020139784$w10D19_01
=653  \\$aBrederode, G. A._klucht van een huysman en een barbier$3715-720$929905$020139784$w10D19_01
=653  \\$aBrederode, G. A._klucht van Symen$3676-690$929906$020139784$w10D19_01
=653  \\$aBrederode, G. A._kluchten$3655 etc.$929907$020139784$w10D19_01
=653  \\$aBrederode, G. A._Lijckdichten$3723-732$929908$020139784$w10D19_01
=653  \\$aBrederode, G. A._Lucelle$3141-205$929909$020139784$w10D19_01
=653  \\$aBrederode, G. A._Moortje$3207-296$929910$020139784$w10D19_01
=653  \\$aBrederode, G. A._Nederduytsche poëmata$3607-654$929911$020139784$w10D19_01
=653  \\$aBrederode, G. A._Robbeknol$3721$929912$020139784$w10D19_01
=653  \\$aBrederode, G. A._Rodderik ende Alphonsus$31-68$929913$020139784$w10D19_01
=653  \\$aBrederode, G. A._Schyn-heyligh$3487-556$929914$020139784$w10D19_01
=653  \\$aBrederode, G. A._Spaanse Brabander$3297-359$929915$020139784$w10D19_01
=653  \\$aBrederode, G. A._Stomme Ridder$3361-418$929916$020139784$w10D19_01
=653  \\$aCoster$3voorreden, 360, 727?$930771$020139784$w10D19_01
=653  \\$aengelse fortuin$334, 43$931464$020139784$w10D19_02
=653  \\$afabel$3x4, x5$931577$020139784$w10D19_01
=653  \\$aHoratius$3612-622$94875$020139784$w10D19_01
=653  \\$aliefdesbrieven$3630, 631, 637$934106$020139784$w10D19_01
=653  \\$aliefdesgedichtjes$3622-626, 635-637, 641-643, 648$934107$020139784$w10D19_01
=653  \\$aPlautus$3opdracht x2, 296, 300, 629$936021$020139784$w10D19_01
=653  \\$aStarter, J.$3485$936515$020139784$w10D19_01
=653  \\$atoneelspeler$3x4-x11$937016$020139784$w10D19_01
=942  \\$cBOO
=952  \\$00$10$2ddc$40$6KTS_1_000000000000000_C2_49_10D19$70$8RAR$92853$aORPH$bORPH$cKTS1_C2$d2020-07-08$eKoopman$l0$oKTS1 C2.49 10D19$p20139784$r2021-01-12 00:00:00$w2021-01-12$yBOO
=999  \\$d2853

