=LDR  02490    a2200481   4500
=001  2855
=005  20250923161049.0
=008  210901s1645\\\\||||||||\||||\00|\p\ger\d
=041  \\$ager
=100  \\$aOpitz, Martin$d1597-1639$4aut$1http://www.wikidata.org/entity/Q60946$97143
=245  \\$aOpera poetica, das ist Geistliche und weltliche Poemata
=260  \\$aAmsterdam$bJanssonius$c1645-46
=300  \\$a3 volumes in 1 ([xxii]-394+336+323 pages)
=500  \\$aMs. notes in the back
=500  \\$aContains, among others, the libretto to Schütz's 'Dafne'
=505  \\$gWeltliche Poemata der ander Theil (Amsterdam, 1645) -- Geistliche Poemata (Amsterdam, 1645)
=590  \\$aDas ist geistliche und weltliche Poemata vom Autore selbst zum letzten übersehen und verbessert
=648  \0$a17th Century (1601-1700)$1http://www.wikidata.org/entity/Q7016$920923
=650  \0$aLibretto$1http://www.wikidata.org/entity/Q131084$94031
=650  \0$aPoetry$1http://www.wikidata.org/entity/Q482$93026
=650  \0$aReligion$1http://www.wikidata.org/entity/Q9174$93062
=651  \0$aGermany$1http://www.wikidata.org/entity/Q183$9155
=653  \0$aBarclay, J.$351$020137198$w10E02_02$929080
=653  \0$aop de wijze van $388-179$020137198$w10E02_03$935398
=653  \0$apest$334$020137198$w10E02_02$935876
=653  \0$aechoeffekt$3172$020137198$w10E02_02$931377
=653  \0$aGroot, H. de$35, 225, 226, 299, 333$020137198$w10E02_02$932424
=653  \0$avertalingen uit Ned. dichtkunst$3hele deel$020137198$w10E02_02$937508
=653  \0$aHeinsius, D.$3377$020137198$w10E02_01$932679
=653  \0$aHeinsius, D.$343, 82, 154, 243, 244, 334$020137198$w10E02_02$932679
=653  \0$aHeinsius, D.$3214-240$020137198$w10E02_03$932679
=653  \0$aluit$3328$020137198$w10E02_02$934262
=653  \0$aSchütz, H.$3123$020137198$w10E02_02$939007
=653  \0$aSchütz, H._Dafne$366-83$020137198$w10E02_01$939008
=653  \\$aDoes, J.v.d.$3331$931132$020137198$w10E02_02
=653  \\$ahooglied$31-24$932915$020137198$w10E02_03
=653  \\$aJudith, M.O.$364-87$933263$020137198$w10E02_03
=653  \\$aklaagzangen v. Jeremias$325-42$933434$020137198$w10E02_03
=653  \\$aStrobel, B.$337$936641$020137198$w10E02_02
=942  \\$cBOO
=952  \\$00$10$2ddc$40$6KTS_1_000000000000000_C1_28_10E02$70$8RAR$92855$aORPH$bORPH$cKTS1_C1$d2020-07-08$eKoopman$oKTS1 C1.28 10E02$p20137198$r2021-01-12 00:00:00$w2021-01-12$yBOO
=999  \\$d2855
=533  \\$aDigitized by iGuana, Spring 2025.

