=LDR  07068    a2201261   4500
=001  2857
=008  210901s1706\\\\|||fc|||\||||\00|\0\fre\d
=041  \\$afre
=100  \\$aSaint-Evremond$d1613-1703$4aut$1http://www.wikidata.org/entity/Q511289$97144
=245  \\$aMélange curieux des meilleures pièces attribuées a Mr. de Saint Evremond et de plusieurs autres ouvrages rares ou nouveaux
=260  \\$aAmsterdam$bMortier$c1706
=300  \\$a2 vols. ([vi]-402-[10]+[ii]-440-[6] pages)$billustrations
=500  \\$aDutch printing privilege and a frontispiece in red and black ink
=500  \\$aContains 'La vie de Monsieur de Saint-Evremond' (dedicated to Pierre Bayle)
=561  \\$aEx libris Gallatin Saladin (ms.)
=648  \0$a17th Century (1601-1700)$1http://www.wikidata.org/entity/Q7016$920923
=648  \0$a18th Century (1701-1800)$1http://www.wikidata.org/entity/Q7015$920899
=650  \0$aLiterature$1http://www.wikidata.org/entity/Q8242$94439
=650  \0$aPhilosophy$1http://www.wikidata.org/entity/Q5891$92357
=651  \0$aFrance$1http://www.wikidata.org/entity/Q142$9131
=653  \0$a??$31$020137216$w10E03_06$928331
=653  \0$aBèze, Th. de$3243, 245, 267$020137215$w10E03_07$929522
=653  \0$abibliotheek$38, 90, 92$020137216$w10E03_06$929548
=653  \0$abibliotheek$31, 64, 195, 197, 199, 202, 206, 213-216, 227, 252, 264, 273, 277-402$020137215$w10E03_07$929548
=653  \0$aBalzac$3146, 270$020137215$w10E03_07$929056
=653  \0$aBarlaeus$3241$020137215$w10E03_07$929086
=653  \0$aboekdruk$3205$020137215$w10E03_07$929678
=653  \0$aBayle$31, 39, 40, 70, 71$020137216$w10E03_06$929234
=653  \0$aBayle$3249, 251$020137215$w10E03_07$929234
=653  \0$aBruyere, la$3154$020137215$w10E03_07$929999
=653  \0$aCervantes, M.$399$020137216$w10E03_06$930376
=653  \0$acomponeren$393$020137216$w10E03_06$930621
=653  \0$acompositieloon$383$020137216$w10E03_06$930641
=653  \0$aopera$3240$020137215$w10E03_07$935411
=653  \0$aCorneille$345$020137216$w10E03_06$930742
=653  \0$aCorneille$3149, 150, 233, 235-237$020137215$w10E03_07$930742
=653  \0$aDescartes$337-39$020137216$w10E03_06$931024
=653  \0$aDescartes$3170, 180, 268$020137215$w10E03_07$931024
=653  \0$aDespréaux$31-31, 147, 164, 440$020137215$w10E03_07$931035
=653  \0$aPaisible$393$020137216$w10E03_06$935716
=653  \0$aPascal, B.$3172$020137215$w10E03_07$935779
=653  \0$aPuteanus$3205$020137215$w10E03_07$936286
=653  \0$aFer, Ph. Jambe de$3245$020137215$w10E03_07$931661
=653  \0$aQuinault$312, 13, 26$020137215$w10E03_07$936302
=653  \0$aRabelais$313$020137216$w10E03_06$936321
=653  \0$aRacine$344$020137216$w10E03_06$936325
=653  \0$aRacine$3149, 236$020137215$w10E03_07$936325
=653  \0$aSpinoza$342$020137216$w10E03_06$936433
=653  \0$aSt. Evremond$3tp, vw, 3-84$020137216$w10E03_06$936460
=653  \0$aGherardi$374$020137216$w10E03_06$932175
=653  \0$agoût$332$020137216$w10E03_06$932303
=653  \0$aGroot, H. de$3199, 201, 212, 214, 222, 228, 236, 237, 250, 251$020137215$w10E03_07$932424
=653  \0$aharp$31$020137216$w10E03_06$932582
=653  \0$aHeinsius, D.$342$020137216$w10E03_06$932679
=653  \0$aHeinsius, D.$3208, 228, 248$020137215$w10E03_07$932679
=653  \0$aHeinsius, N. $342$020137216$w10E03_06$932683
=653  \0$aHeinsius, N. $3208, 228, 248$020137215$w10E03_07$932683
=653  \0$aHobbes$337$020137216$w10E03_06$932804
=653  \0$aVoiture$310, 11, 146, 160, 199$020137215$w10E03_07$937712
=653  \0$aVossius, I. $342, 58, 59$020137216$w10E03_06$937786
=653  \0$aVossius, I. $3185-188, 190, 192, 194, 195, 197, 198, 201-216, 221, 227, 229, 234, 241, 248, 250, 253, 254, 256, 257, 262, 268$020137215$w10E03_07$937786
=653  \0$aWillem III$341, 42, 67$020137216$w10E03_06$937975
=653  \0$aRaguenet$365$020137216$w10E03_06$938215
=653  \0$akritiek$376-78$020137216$w10E03_06$933765
=653  \0$aRonsard$3199, 268$020137215$w10E03_07$938542
=653  \0$alamento$3105-107$020137216$w10E03_06$933868
=653  \0$alamento$3422, 436-438$020137215$w10E03_07$933868
=653  \0$asalaris$319$020137216$w10E03_06$938697
=653  \0$aLully$3111, 240$020137215$w10E03_07$934271
=653  \0$aScriverius, P.$3188-190, 228$020137215$w10E03_07$939032
=653  \0$aMalherbe$3146, 199, 232$020137215$w10E03_07$934400
=653  \0$aMarot, C.$3246$020137215$w10E03_07$934477
=653  \0$aMatho$3250$020137215$w10E03_07$934525
=653  \0$aMazarin$311 etc., 52, 53, 55, 64, 67-69, 74, 80, 81$020137216$w10E03_06$934562
=653  \0$aMazarin$36, 7, 202, 322, 324$020137215$w10E03_07$934562
=653  \0$aMersenne$3230$020137215$w10E03_07$934691
=653  \0$aMontaigne$3173$020137215$w10E03_07$934836
=653  \0$amuziek$393$020137216$w10E03_06$934990
=653  \0$amuziek$358-61, 296-302, 416$020137215$w10E03_07$934990
=653  \\$aBourdeille, P. de/Brantôme$3270-272$929834$020137215$w10E03_07
=653  \\$aBrahe, T.$3268$929874$020137215$w10E03_07
=653  \\$aCasaubon$3261, 267$930264$020137215$w10E03_07
=653  \\$aCharles II$3427-436$921675$020137215$w10E03_07
=653  \\$aCoornhert, V.$3252, 253$930718$020137215$w10E03_07
=653  \\$aCopernicus$3268$930720$020137215$w10E03_07
=653  \\$aEnclos, mad. de l' $322, 23, 63$931448$020137216$w10E03_06
=653  \\$aFontaine, de la$364$931809$020137216$w10E03_06
=653  \\$aFronde$36$931936$020137215$w10E03_07
=653  \\$aHerodotus$3203$96922$020137215$w10E03_07
=653  \\$aJunius, fam.$3199-201, 206, 210, 215, 266$933267$020137215$w10E03_07
=653  \\$aLipsius, J.$3228, 252, 268$934140$020137215$w10E03_07
=653  \\$amise-en-scène$3tp, 170, 235$939272$020137215$w10E03_07
=653  \\$aMolière$3150, 236, 239, 240$95673$020137215$w10E03_07
=653  \\$aMortier, P.$3tp, 84-86$934899$020137216$w10E03_06
=653  \\$aRoman de la Rose$392$924047$020137216$w10E03_06
=653  \\$aSchott, J.$3256, 257, 261$938953$020137215$w10E03_07
=653  \\$aSchurman, A.M. v.$3227$938997$020137215$w10E03_07
=653  \\$aSelden, J.$3224-227$939044$020137215$w10E03_07
=653  \\$aTurenne$341, 65, 66$937222$020137216$w10E03_06
=653  \\$aVrede van Nijmegen$357$927306$020137216$w10E03_06
=653  \\$aWaller, E.$337, 95$937851$020137216$w10E03_06
=653  \\$aWaller, E.$3437, 438$937851$020137215$w10E03_07
=653  \\$aWood, A.$3225, 259, 260$938048$020137215$w10E03_07
=856  \\$uhttps://books.google.be/books?id=dHqCgJeahvcC$3Google Books
=942  \\$cBOO
=952  \\$00$10$2ddc$3vol. 1$40$6KTS_1_000000000000000_C1_28_10E03_06$70$8RAR$92857$aORPH$bORPH$cKTS1_C1$d2020-07-08$eKoopman$i10E03_06$oKTS1 C1.28 10E03_06$p20137216$r2021-01-12 00:00:00$w2021-01-12$yBOO
=952  \\$00$10$2ddc$3vol. 2$40$6KTS_1_000000000000000_C1_28_10E03_07$70$8RAR$920508$aORPH$bORPH$cKTS1_C1$d2020-07-08$eKoopman$i10E03_07$l0$oKTS1 C1.28 10E03_07$p20137215$r2021-09-01 00:00:00$w2021-01-12$yBOO
=999  \\$d2857

