=LDR  02098aam a2200325   4500
=001  2858
=008  220812s1644\\\\|||a||||\||||\00|\0alat\d
=041  \\$alat$heng
=100  \\$aBrowne, Thomas$cSir$d1605-1682$4aut$1http://www.wikidata.org/entity/Q313925$97145
=245  \\$aReligio medici
=250  \\$a1st Latin ed.
=260  \\$aLeiden$bHack$c1644
=300  \\$a235-[4] pages$bfrontispiece engraving
=500  \\$aFirst book of Sir Thomas Browne (1605-1682), a doctor and polymath influenced by Francis Bacon's thought, but also struck by melancholy. It deals with the doctor's own Christian faith. As an autobiography, it is one of the very first of its kind. It was imitated numerous times, parodied (e.g., by John Dryden in his 'Religio Laici'), praised by Samuel Pepys and Virginia Woolf, and rediscovered by the Romantics in the nineteenth century (Coleridge in particular). It inspired Carl Gustav Jung to the term 'Religio Medici'.
=500  \\$aFamous frontispiece engraving depicting a person falling from a mountain into the sea, saved by the hand of God appearing through a cloud.
=500  \\$aManuscript annotations throughout the book: underlined passages, notes
=534  \\$aOriginally published in 1642
=563  \\$aCardboard cover with red edges
=648  \0$a17th Century (1601-1700)$1http://www.wikidata.org/entity/Q7016$920923
=650  \0$aBiography$1http://www.wikidata.org/entity/Q36279$91927
=650  \0$aMedicine$1http://www.wikidata.org/entity/Q11190$921959
=650  \0$aMysticism$1http://www.wikidata.org/entity/Q45996$924645
=650  \0$aPsychology$1http://www.wikidata.org/entity/Q9418$922578
=651  \0$aUnited Kingdom$1http://www.wikidata.org/entity/Q21$9273
=653  \0$atheater$3223$020139874$w06K16$936885
=653  \0$aharmonie der sferen$3211, 212$020139874$w06K16$932575
=653  \0$amuziek$3211, 212$020139874$w06K16$934990
=942  \\$cBOO
=952  \\$00$10$2ddc$40$6KTS_1_000000000000000_C2_52_06K16$70$8RAR$92858$aORPH$bORPH$cKTS1_C2$d2020-07-08$eKoopman$l0$oKTS1 C2.52 06K16$p20139874$r2021-01-12 00:00:00$w2021-01-12$yBOO
=999  \\$d2858

