=LDR  00932aam a2200193   4500
=001  2864
=008  210902s1781\\\\|||af|||\||||\00|\0\dut\d
=041  \\$adut
=245  \\$aHet Nieuwe Testament$bofte Alle Boeken des Nieuwen Verbondts onses Heeren Jesu Christi
=260  \\$aAmsterdam$bBrandt$bSchouten$bde Groot$bArrenberg$c1781
=300  \\$a[iv]-264 pages$bloose plates inserted
=501  \\$aBound in with 'Boek der Psalmen' (1782), the Dordrecht Bible (1777), and a catechism
=648  \0$a18th Century (1701-1800)$1http://www.wikidata.org/entity/Q7015$920899
=650  \0$aReligion$1http://www.wikidata.org/entity/Q9174$93062
=650  \0$aBible$1http://www.wikidata.org/entity/Q1845$921581
=773  \\$02865$tBiblia$w2865
=942  \\$cBOO
=952  \\$00$10$2ddc$40$6KTS_1_000000000000000_C1_28_10E11B$70$8RAR$92864$aORPH$bORPH$cKTS1_C1$d2020-07-08$eKoopman$oKTS1 C1.28 10E11b$p20137221b$r2021-01-12 00:00:00$w2021-01-12$yBOO
=999  \\$d2864

