=LDR  01117aam a2200229   4500
=001  2865
=008  210902s1777\\\\|||f||||\||||\00|\0\dut\d
=041  \\$adut
=245  \\$aBiblia,$bdat is De gantsche H. Schrift vervattende alle canonijke boecken des Ouden en Nieuwen testaments uit de oorspronkelijke in onse Nederlandsche tale
=250  \\$aReprint
=260  \\$aDordrecht$bs.n.$c1777
=300  \\$a[iii]-[858] pages
=500  \\$aThis is an edition of the so-called 'Statenvertaling' from 1637
=501  \\$aBound in with 'Boek der Psalmen' (1782), a New Testament from 1781, and a catechism
=563  \\$aVelvet binding with silver locks and gilded edges
=648  \0$a18th Century (1701-1800)$1http://www.wikidata.org/entity/Q7015$920899
=650  \0$aReligion$1http://www.wikidata.org/entity/Q9174$93062
=650  \0$aBible$1http://www.wikidata.org/entity/Q1845$921581
=773  \\$02865$tBiblia$w2865
=942  \\$cBOO
=952  \\$00$10$2ddc$40$6KTS_1_000000000000000_C1_28_10E11A$70$8RAR$92865$aORPH$bORPH$cKTS1_C1$d2020-07-08$eKoopman$oKTS1 C1.28 10E11a$p20137221a$r2021-01-12 00:00:00$w2021-01-12$yBOO
=999  \\$d2865

