=LDR  01559    a2200313   4500
=001  2867
=005  20250923161049.0
=008  210906s1730\\\\|||bf|||\||||\00|\0\fre\d
=041  \\$afre
=100  \\$aBossuet, Jacques Bénigne$d1627-1704$4aut$1http://www.wikidata.org/entity/Q3158442$96445
=245  \\$aDiscours sur l'histoire universelle
=260  \\$aAmsterdam$bLe Cène$c1730
=300  \\$a438-[34] pages$bfrontispiece in red and black ink, 2 folded pages
=500  \\$aContains two maps in the back
=534  \\$aOriginally published in 1681
=561  \\$aEx libris Xavier Nicola Champrux (ms.)
=590  \\$aPour expliquer la suite de la religion & les changemens des empires
=648  \0$a18th Century (1701-1800)$1http://www.wikidata.org/entity/Q7015$920899
=650  \0$aHistory$1http://www.wikidata.org/entity/Q309$921403
=650  \0$aReligion$1http://www.wikidata.org/entity/Q9174$93062
=651  \0$aFrance$1http://www.wikidata.org/entity/Q142$9131
=653  \0$abibliotheek$3titelgravure$020137223$w100000000000000$929548
=653  \0$amuziek_algemeen$3441 (Anhang 3), Anh 19, 27, 31$020137223$w100000000000000$935036
=653  \0$afondscatalogus_Le Cène$3441 (Anhang 3)-einde$020137223$w100000000000000$931804
=653  \\$aBonuel$3Anhang 19$929770$020137223$w100000000000000
=942  \\$cBOO
=952  \\$00$10$2ddc$40$6KTS_1_000000000000000_C1_28_10E13$70$8RAR$92867$aORPH$bORPH$cKTS1_C1$d2020-07-08$eKoopman$oKTS1 C1.28 10E13$p20137223$r2021-01-12 00:00:00$w2021-01-12$yBOO
=999  \\$d2867
=533  \\$aDigitized by iGuana, Spring 2025.

