=LDR  03820aam a2200685   4500
=001  2873
=008  221124s1767\\\\||||||||\||||\00|\0\lat\d
=041  \\$alat
=100  \\$aErnesti, Johann August$d1707-1781$4aut$1http://www.wikidata.org/entity/Q72076$97156
=245  \\$aOpuscula oratoria, orationes, prolusiones et elogia
=250  \\$a2nd ed.
=260  \\$aLeiden$bLuchtmans$c1767
=300  \\$a[x]-500 pages
=500  \\$aEssays on the humanities, on critical thinking and theology, eloquence
=500  \\$aSchool prize binding for a young man named Joachim G. Suringer, letter inserted in front matter.
=534  \\$aOriginally published in 1762
=563  \\$aBrown leather binding with a Minerva stamped in gold on the front and the back, with the shield of Leiden in her hand and "Lugdi Bata" below.
=648  \0$a18th Century (1701-1800)$1http://www.wikidata.org/entity/Q7015$920899
=650  \0$aPhilosophy$1http://www.wikidata.org/entity/Q5891$92357
=650  \0$aMoral education$1http://www.wikidata.org/entity/Q25457248$93171
=650  \0$aRhetoric$1http://www.wikidata.org/entity/Q81009$93894
=650  \0$aPrize book$1http://www.wikidata.org/entity/Q7246538$925382
=651  \0$aGermany$1http://www.wikidata.org/entity/Q183$9155
=653  \0$aErnesti, J.A.$3wb$020139785$w10F01$931514
=653  \0$aGesner, J.M.$3463-500$020139785$w10F01$932149
=653  \0$aHeinsius$3328, 336$020139785$w10F01$932678
=653  \0$aLeibnitz$3300$020139785$w10F01$933995
=653  \0$aLeipzig_Thomasschool$386-99, 429, 430, 453-455, 461, 466, 475, 476, 479$020139785$w10F01$934027
=653  \0$amuziek$3130, 299, 454$020139785$w10F01$934990
=653  \\$aAmsterdam_Universiteit$3345, 357$928674$020139785$w10F01
=653  \\$aBaverius, J.G.$3400-411$929233$020139785$w10F01
=653  \\$aBorner, C.$3445-461$929795$020139785$w10F01
=653  \\$aBosseckius, B.J.$3266-279$929818$020139785$w10F01
=653  \\$aErnesti, J.A._Acroases$3137-161$931515$020139785$w10F01
=653  \\$aErnesti, J.A._memoriae et elogia$3227$931516$020139785$w10F01
=653  \\$aErnesti, J.A._Prolusiones$3163-226$931517$020139785$w10F01
=653  \\$aGaudlitius, G.$3441$932035$020139785$w10F01
=653  \\$aGunzius, J.G.$3355-361$932488$020139785$w10F01
=653  \\$aHebenstreit, fam.$3241-253, 275, 276, 280-290, 329, 336, 355$932657$020139785$w10F01
=653  \\$aJoecherus, C.G.$3291-303, 336$933224$020139785$w10F01
=653  \\$aKuster, G.G.$3388-399$933807$020139785$w10F01
=653  \\$aMascovius, J.J.$3362-378$934509$020139785$w10F01
=653  \\$aMüller, A. F.$3299, 417$934944$020139785$w10F01
=653  \\$aPeinemann, J.F.$3276$935835$020139785$w10F01
=653  \\$aPlatner, J.Z.$3342-356$936017$020139785$w10F01
=653  \\$aRichter, Z.$3433-444$938434$020139785$w10F01
=653  \\$aRivinus, J. F.$3254-265, 281$938482$020139785$w10F01
=653  \\$aSandelius, F.A.$3304-311$938735$020139785$w10F01
=653  \\$aSchleusner, F. G.$3412-422$938881$020139785$w10F01
=653  \\$aTeller, R.$3441, 442$936802$020139785$w10F01
=653  \\$aTrier, C.F.$3423-432$937109$020139785$w10F01
=653  \\$aVoltaire$3190$95159$020139785$w10F01
=653  \\$aWinckler, C.G.$3312-321, 328, 336, 395$937986$020139785$w10F01
=653  \\$aZemischius, G.G.$3332-341$938128$020139785$w10F01
=700  \\$4asn$aRuhnkenius, David$d1723-1798$1http://www.wikidata.org/entity/Q67222$95609
=700  \\$4asn$aGessner, Johann Matthias$d1691-1761$1http://www.wikidata.org/entity/Q574402$98017
=856  \\$uhttps://books.google.be/books?id=OdQpAAAAYAAJ$3Google Books
=942  \\$cBOO
=952  \\$00$10$2ddc$40$6KTS_1_000000000000000_C2_49_10F01$70$8RAR$92873$aORPH$bORPH$cKTS1_C2$d2020-07-08$eKoopman$l0$oKTS1 C2.49 10F01$p20139785$r2021-01-12 00:00:00$w2021-01-12$yBOO
=999  \\$d2873

