=LDR  03851    a2200721   4500
=001  2875
=008  221125s1721\\\\|||afc||\||||\00|\p\dut\d
=041  \\$adut
=100  \\$aZeeus, Jakob$d1686-1718$4aut$1http://www.wikidata.org/entity/Q107742130$97159
=245  \\$aGedichten
=250  \\$a1st ed.
=260  \\$aDelft$bBoitet$c1721
=300  \\$a[xxxvi]-552-[8] pages$billustrations, title page in red and black ink
=500  \\$aillustrated plate before titlepage containing a scene with Venus and three Cupido's before the grave of Jacob Zeeus, Penneus laying by the river in the back with two swans near him and above Pheme ("Rumor") in a cloud carrying two trumpets (blowing into one) and a laurel wreath.
=500  \\$apublished 3 years after Jacob Zeeus' death
=561  \\$aEx libris Ernest Lampe (plate)
=563  \\$abrown leather band, embossed gilded cover and spine, sprinkled edges
=590  \\$aMet veele kopere Kunstplaten versiert
=648  \0$a18th Century (1701-1800)$1http://www.wikidata.org/entity/Q7015$920899
=650  \0$aPoetry$1http://www.wikidata.org/entity/Q482$93026
=650  \0$aMythology$1http://www.wikidata.org/entity/Q9134$921600
=651  \0$aNetherlands$1http://www.wikidata.org/entity/Q55$9173
=653  \0$a??$368, 73$020139786$w10F03$928331
=653  \0$abibliotheek$3tp, 312$020139786$w10F03$929548
=653  \0$ablokfluit$3155, 198, 289$020139786$w10F03$929645
=653  \0$aCats, J.$3272$020139786$w10F03$930312
=653  \0$amuzieknotatie$340$020139786$w10F03$935087
=653  \0$aCorelli, A.$3364, 365$020139786$w10F03$930736
=653  \0$aCorneille, P.$3247$020139786$w10F03$930743
=653  \0$adansen$379, 252$020139786$w10F03$930928
=653  \0$adichteres$3xxx3, xxxx2, 238, 314, 321$020139786$w10F03$931056
=653  \0$apansfluit$324, 68, 105$020139786$w10F03$935742
=653  \0$adwarsfluit$368?, 105, 241$020139786$w10F03$931340
=653  \0$aemoties$368, 88, 155$020139786$w10F03$931445
=653  \0$aErasmus$3308$020139786$w10F03$931501
=653  \0$aGroot, H. de$3360$020139786$w10F03$932424
=653  \0$atrompet$3233$020139786$w10F03$937194
=653  \0$aharp$368, 87, 88, 97, 241$020139786$w10F03$932582
=653  \0$ahobo$368, 73?$020139786$w10F03$932805
=653  \0$ahoboriet$368$020139786$w10F03$932814
=653  \0$aviool$340, 68$020139786$w10F03$937605
=653  \0$aHoubraken$3portret Zeeus, 240, 259, 336$020139786$w10F03$932952
=653  \0$ain memoriam$3na aen den lezer, 137, 201-232$020139786$w10F03$933064
=653  \0$aVondel, J. van den $3334, 363$020139786$w10F03$937735
=653  \0$aJuvenalis$3423-452$020139786$w10F03$933272
=653  \0$azangeres$387$020139786$w10F03$938089
=653  \0$aZeeus, J.$3wb, portret, 250$020139786$w10F03$938119
=653  \0$aslagwerk$3241$020139786$w10F03$939152
=653  \0$amuziek$3123, 355, 364, 365$020139786$w10F03$934990
=653  \\$aBlaeu, fam.$3165$929600$020139786$w10F03
=653  \\$aBleiswyck, F.$3titelgravure, 1, 3, 6 etc.$929629$020139786$w10F03
=653  \\$aBrandt, G.$3276, 363$929884$020139786$w10F03
=653  \\$aElzevier, P.$3271-276, 324$931441$020139786$w10F03
=653  \\$ahoorn$368$932928$020139786$w10F03
=653  \\$aOldenbarnevelt, J. v.$3361$935363$020139786$w10F03
=653  \\$aPoot, H.K.$3aen den lezer$936076$020139786$w10F03
=653  \\$aRotteveel, A.$3xxxxx4$938589$020139786$w10F03
=653  \\$aWit, J.C. de$3361, 362$938016$020139786$w10F03
=700  \\$4ill$aBleyswyck, François van$1http://www.wikidata.org/entity/Q18716288$925385
=856  \\$uhttps://books.google.be/books?id=v4xZAAAAcAAJ$3Google Books
=942  \\$cBOO
=952  \\$00$10$2ddc$40$6KTS_1_000000000000000_C2_49_10F03$70$8RAR$92875$aORPH$bORPH$cKTS1_C2$d2020-07-08$eKoopman$l0$oKTS1 C2.49 10F03$p20139786$r2021-01-12 00:00:00$w2021-01-12$yBOO
=999  \\$d2875

