=LDR  02672    a2200397   4500
=001  2876
=008  220915s1758\\\\||||||||\||||\00|\d\lat\d
=041  \\$alat
=100  \\$aNeumayr, Franz$d1697-1765$4aut$1http://www.wikidata.org/entity/Q111726$97160
=245  \\$aTheatrum asceticum, $bsive Meditationes sacræ in theatro Congregationis Latinæ B.V. Mariæ ab Angelo salutatæ
=246  \1$aTheatrum Asceticum Tom. I
=250  \\$a4th Ed.
=260  \\$aAugsburg$bCrätz$aIngolstadt$bSummer$c1758
=300  \\$a[viii]-871 pages$binserted bookmark, engraved title page, red edges, leather bound, gilt embossed spine
=500  \\$amanuscript note on frontmatter: "rf 15x J.F.M 1769". 
=500  \\$aSacred Meditations, exhibited in the Theater of the Latin Congregation, Munich, during the Spring Lent, from the year 1739 to the year 1747
=500  \\$aSeveral plays contain Chorusses and Arias, suggesting a musical component within the perormance practice
=500  \\$aIn a series with two further Jesuit works by Neumayr ('Mundus in Maligno' - if 30x J.F.M. 1769 and 'Theatrum Politicum'- if 45x J.F.M)
=500  \\$aoriginally published in 1748
=500  \\$aNeumayr was a German Catholic theologian, Jesuit, preacher, playwright and author
=500  \\$aengraved publisher's lemma "His Ninitur Orbis" depicting a terracotta globe on a pile of books and a sculpture with the initials of the printer J.F.C. (Joannis Francisci Xaver)
=500  \\$acontains loose bookmark (18th century?): a torn piece of paper with manuscript texts  in different hands on both sides
=590  \\$aExhibitae monachi, verni jejunii tempore ab anno 1739, usque ad annum 1747. Et nunc ad commodiorem usum suae, et alienae perfectionis studiosorum
=610  \0$aJesuits$1http://www.wikidata.org/entity/Q36380$921140
=648  \0$a18th Century (1701-1800)$1http://www.wikidata.org/entity/Q7015$920899
=650  \0$aLibretto$1http://www.wikidata.org/entity/Q131084$94031
=650  \0$aReligion$1http://www.wikidata.org/entity/Q9174$93062
=650  \0$aPlay (theater)$1http://www.wikidata.org/entity/Q25379$921414
=650  \0$aRhetoric$1http://www.wikidata.org/entity/Q81009$93894
=650  \0$aMoral education$1http://www.wikidata.org/entity/Q25457248$93171
=651  \0$aGermany$1http://www.wikidata.org/entity/Q183$9155
=653  \0$aoratorium$3wb$020139783$w10F04_01$935450
=856  \\$uhttps://books.google.be/books?id=r5uxvgEACAAJ$3Google Books
=942  \\$cBOO
=952  \\$00$10$2ddc$40$6KTS_1_000000000000000_C2_49_10F04_01$70$8RAR$92876$aORPH$bORPH$cKTS1_C2$d2020-07-08$eKoopman$l0$oKTS1 C2.49 10F04_01$p20139783$r2021-01-12 00:00:00$w2021-01-12$yBOO
=999  \\$d2876

