=LDR  02659    a2200421   4500
=001  2877
=008  220915s1761\\\\||||||||\||||\00|\d\lat\d
=041  \\$alat
=100  \\$aNeumayr, Franz$d1697-1765$4aut$1http://www.wikidata.org/entity/Q111726$97160
=245  \\$aMundus in Malogno $bpositus 1. Joan.2. argumentum Theatri Ascetici
=246  \1$aTheatrum Asceticum Tom. II
=250  \\$a3rd Ed.
=260  \\$aAugsburg$bCrätz$aIngolstadt$bSummer$c1761
=300  \\$a[viii]-388 pages$bengraved tite page, red edges, leather bound, gilt embossed spine
=500  \\$aEngraved publisher's lemma "His Ninitur Orbis" depicting a terracotta globe on a pile of books and a sculpture with the initials of the printer J.F.C. (Joannis Francisci Xaver) 
=500  \\$asacred meditations in the theater of the Latin congregation from the year 1748 to the year 1750


=500  \\$a Neumayr was a German Catholic theologian, Jesuit, preacher, playwright and author 
=500  \\$aSeveral plays contain Chorusses and Arias, suggesting a musical component within the perormance practice 
=500  \\$afirst edition in the the same year 1761
=500  \\$a In a series with two further Jesuit works by Neumayr ('Theatrum Asceticum' - "rf 15x J.F.M 1769 and 'Theatrum Politicum'- if 45x J.F.M) 
=500  \\$amanuscript note on frontmatter: "if 30x J.F.M. 1769"
=590  \\$asive Meditationes sacræ in theatro Congregationis Latinæ exhibitiæ Ab Anno 1748 usque ad Annum 1750. Ed nunc ad usum commodiorem suæ, ac aliniæ salutis studiosorum
=610  \0$aJesuits$1http://www.wikidata.org/entity/Q36380$921140
=648  \0$a18th Century (1701-1800)$1http://www.wikidata.org/entity/Q7015$920899
=650  \0$aLibretto$1http://www.wikidata.org/entity/Q131084$94031
=650  \0$aPlay (theater)$1http://www.wikidata.org/entity/Q25379$921414
=650  \0$aRhetoric$1http://www.wikidata.org/entity/Q81009$93894
=650  \0$aMoral education$1http://www.wikidata.org/entity/Q25457248$93171
=650  \0$aReligion$1http://www.wikidata.org/entity/Q9174$93062
=651  \0$aGermany$1http://www.wikidata.org/entity/Q183$9155
=653  \0$aopera$3wb$020139791$w10F04_02$935411
=653  \0$aoratorium$3wb$020139791$w10F04_02$935450
=653  \0$aDuits-Latijn$3469-einde$020139791$w10F04_02$931278
=653  \\$aTobias et Sara$3469-einde$936960$020139791$w10F04_02
=856  \\$uhttps://books.google.be/books?id=J_t--EUhiAoC$3Google Books
=942  \\$cBOO
=952  \\$00$10$2ddc$40$6KTS_1_000000000000000_C2_49_10F04_02$70$8RAR$92877$aORPH$bORPH$cKTS1_C2$d2020-07-08$eKoopman$l0$oKTS1 C2.49 10F04_02$p20139791$r2021-01-12 00:00:00$w2021-01-12$yBOO
=999  \\$d2877

