=LDR  02193    a2200349   4500
=001  2878
=008  220915s1760\\\\||||||||\||||\00|\d\lat\d
=041  \\$alat
=100  \\$aNeumayr, Franz$d1697-1765$4aut$1http://www.wikidata.org/entity/Q111726$97160
=245  \\$aTheatrum politicum $bsive Tragœdiæ ad commendationem virtutis et vitiorum detestationem
=250  \\$a1st Ed.
=260  \\$aAugsburg$bCrätz$aIngolstadt$bSummer$c1760
=300  \\$a518-[1]  pages$bengraved title page, red edges, leather bound, gilt embossed spine
=500  \\$aIn a series with two further Jesuit works by Neumayr ('Theatrum Asceticum' - rf 15x J.F.M 1769 and 'Mundus in Maligno''- if 30x J.F.M. 1769") 


=500  \\$amanuscript note on frontmatter: " if 45x J.F.M"     
=500  \\$aEngraved publisher's lemma "His Ninitur Orbis" depicting a terracotta globe on a pile of books and a sculpture with the initials of the printer J.F.C. (Joannis Francisci Xaver) 
=500  \\$aNeumayr was a German Catholic theologian, Jesuit, preacher, playwright and author 
=500  \\$aSeveral plays contain Chorusses and Arias, suggesting a musical component within the perormance practice 
=500  \\$aPolitical theater or tragedy for the commendation of virtue and detestation of vice in the autumnal games
=590  \\$aolim Ludis Autumnalibus
=610  \0$aJesuits$1http://www.wikidata.org/entity/Q36380$921140
=648  \0$a18th Century (1701-1800)$1http://www.wikidata.org/entity/Q7015$920899
=650  \0$aLibretto$1http://www.wikidata.org/entity/Q131084$94031
=650  \0$aPlay (theater)$1http://www.wikidata.org/entity/Q25379$921414
=650  \0$aRhetoric$1http://www.wikidata.org/entity/Q81009$93894
=650  \0$aMoral education$1http://www.wikidata.org/entity/Q25457248$93171
=651  \0$aGermany$1http://www.wikidata.org/entity/Q183$9155
=653  \0$aoratorium$3wb$020139792$w10F04_03$935450
=856  \\$uhttps://books.google.be/books?id=YpWSopjmPOIC$3Google Books
=942  \\$cBOO
=952  \\$00$10$2ddc$40$6KTS_1_000000000000000_C2_49_10F04_03$70$8RAR$92878$aORPH$bORPH$cKTS1_C2$d2020-07-08$eKoopman$l0$oKTS1 C2.49 10F04_03$p20139792$r2021-01-12 00:00:00$w2021-01-12$yBOO
=999  \\$d2878

