=LDR  02226aam a2200265   4500
=001  2879
=008  221125s1842\\\\|||ca|||\||||\00|\0cdut\d
=041  \\$adut
=100  \\$aImmerzeel, Johannes$d1776-1841$4aut$1http://www.wikidata.org/entity/Q2250081$97161
=245  \\$aDe levens en werken der Hollandsche en Vlaamsche kunstschilders, beeldhouwers, graveurs en bouwmeesters, van het begin der vijftiende eeuw tot heden $n1-3/3
=260  \\$aAmsterdam$bKesteren, van$c1842-43
=300  \\$a3 vols. in 1 (xxxii-viii-336-[1]-viii-308-[1] pages)$blithography on frontispiece, illustrations, portraits, leather bound, embossed spine, marbled endpapers
=500  \\$aIn 1835, Immerzeel began to work on his magnum opus, a reference work on the lives and works of Dutch and Flemish painters, sculptors, engravers and master builders from 1500 to 1850. He incorporated existing biographies, but also used unpublished manuscripts and documents. Of the works, he listed the place where they were kept, and often the price, based on data from auctions and inventories. When he died in 1841, the work was completed by two sons, Charles Henri (1803-1878) and Christiaan (1808-1886), a painter. The three volumes were published in 1842 and 1843.
=500  \\$avol.1: A-G
vol.2: H-Q
vol.3: R-Z; monograms
=500  \\$aBeautiful portrait of the author on frontispiece: seated in armchair in richly decorated room, leaning on his desk, wearing a housecoat and slippers, pen in his hand, bookshelf behind him.
=648  \0$a19th Century (1801-1900)$1http://www.wikidata.org/entity/Q6955$920935
=650  \0$aFine art$1http://www.wikidata.org/entity/Q219625$921579
=650  \0$aEncyclopedia$1http://www.wikidata.org/entity/Q5292$92184
=650  \0$aBiography$1http://www.wikidata.org/entity/Q36279$91927
=651  \0$aFlanders (Belgium)$1http://www.wikidata.org/entity/Q234$989
=651  \0$aNetherlands$1http://www.wikidata.org/entity/Q55$9173
=856  \\$uhttps://archive.org/details/delevensenwerken03imme$3Internet Archive
=942  \\$cBOO
=952  \\$00$10$2ddc$40$6KTS_1_000000000000000_C2_49_10F05$70$8RAR$92879$aORPH$bORPH$cKTS1_C2$d2020-07-08$eKoopman$l0$oKTS1 C2.49 10F05$p20139800$r2021-01-12 00:00:00$w2021-01-12$yBOO
=999  \\$d2879

