=LDR  00937aam a2200205   4500
=001  2884
=008  221125s1884\\\\||||||||\||||\00|\0\dut\d
=041  \\$adut
=100  \\$aJorissen, Theodoor$d1833-1889$4aut$1http://www.wikidata.org/entity/Q1878240$96904
=245  \\$aDe overgave van Amsterdam in januari 1795
=260  \\$aAmsterdam$bvan Kampen$c1884
=300  \\$ax-141 pages
=561  \\$aEx libris N. Mouthaan (plate)
=648  \0$a18th Century (1701-1800)$1http://www.wikidata.org/entity/Q7015$920899
=650  \0$aMilitary history$1http://www.wikidata.org/entity/Q192781$93874
=650  \0$aPolitics$1http://www.wikidata.org/entity/Q7163$921826
=651  \0$aAmsterdam (Netherlands)$1http://www.wikidata.org/entity/Q727$9135
=942  \\$cBOO
=952  \\$00$10$2ddc$40$6KTS_1_000000000000000_C2_49_10F10$70$8RAR$92884$aORPH$bORPH$cKTS1_C2$d2020-07-08$eKoopman$l0$oKTS1 C2.49 10F10$p20139796$r2021-01-12 00:00:00$w2021-01-12$yBOO
=999  \\$d2884

