=LDR  01310aam a2200241   4500
=001  2888
=008  221128p1818\\\\|||gf|||\||||\00|\0\eng\d
=041  \\$aeng
=100  \\$aJousse, Jean$d1760-1837$4aut$96225
=245  \\$aArcana Musicæ $bor, A Variety of Curious and Entertaining Musical Problems with their Solutions
=250  \\$a1st ed.
=260  \\$aLondon$bChapell and co$c1818
=300  \\$a44-37-[5] pages$bmusical examples, plates
=561  \\$aEx libris ... (illegible) Oct.26 1819 (manuscript)
=590  \\$aon the most useful and important parts of the science; calculated to facilitate the study of music to young pupils, and save much time and trouble to the master.
=648  \0$a19th Century (1801-1900)$1http://www.wikidata.org/entity/Q6955$920935
=650  \0$aMusic theory$1http://www.wikidata.org/entity/Q193544$92662
=650  \0$aMusic education$1http://www.wikidata.org/entity/Q27908$921766
=650  \0$aMethod$1http://www.wikidata.org/entity/Q2250960$921402
=856  \\$uhttps://imslp.org/wiki/Arcana_Music%C3%A6_(Jousse%2C_Jean)$3International Music Score Library Project
=942  \\$cBOO
=952  \\$00$10$2ddc$40$6KTS_1_000000000000000_C2_49_10F12$70$8RAR$92888$aORPH$bORPH$cKTS1_C2$d2020-07-08$eKoopman$l0$oKTS1 C2.49 10F12$p20139803$r2021-01-12 00:00:00$w2021-01-12$yBOO
=999  \\$d2888

