=LDR  02973    a2200445   4500
=001  2889
=008  220829s1938\\\\|||gadf|\||||\00|\0\ger\d
=041  \\$ager
=100  \\$aScheibler, Johann Heinrich$d1777-1838$4aut$1http://www.wikidata.org/entity/Q107660$97170
=245  \\$aSchriften über musikalische und physikalische Tonmessung und deren Anwendung auf Pianoforte- und Orgelstimmung
=260  \\$aCrefeld$bSchüller$c1838
=300  \\$a[61] pages$bfolded pages, musical notation, illustrations, charts, plates, marbled cardboard cover
=500  \\$aJohann Heinrich Scheibler was a silk manufacturer from Crefeld, Prussia, without a scientific background, who went on to make contributions to the science of acoustics as a self taught musicologist.
=505  \\$gAnleitung die Orgel vermittelst der Stösse (vulgo Schwebungen), und des Metronoms, correct gleichschwebend zu stimmen.

=505  \\$gAnleitung der Orgel unter Beibehaltung ihrer momentanen Höhe, oder nach einem bekannten, vermittelst des Metronoms, nach Stössen erwiesen; gleichschwebend zu stimmen.

=505  \\$gMitteilung über das Wesentliche des (bei Baedeker in Essen erschienen) musikalischen und physikalischen Tonmessers

=511  \\$aUeber Mathematische Stimmung, Temperaturen und Orgelstimmung nach Vibrations-Differenzen oder Stössen.
[On the mathematics of tuning: temperature and organ-tuning after alterations of vibration], Krefeld, 1837.
=648  \0$a19th Century (1801-1900)$1http://www.wikidata.org/entity/Q6955$920935
=650  \0$aAcoustics$1http://www.wikidata.org/entity/Q82811$921365
=650  \0$aTuning$1http://www.wikidata.org/entity/Q858576$921655
=650  \0$aPiano$1http://www.wikidata.org/entity/Q5994$92127
=650  \0$aOrgan$1http://www.wikidata.org/entity/Q1444$92810
=651  \0$aGermany$1http://www.wikidata.org/entity/Q183$9155
=653  \0$aa =$33, 5, 40$020139804$w10F13$928388
=653  \0$aCherubini$346$020139804$w10F13$930430
=653  \0$aSpohr$311, 46$020139804$w10F13$936434
=653  \0$astemvork$310, 11 etc., 55$020139804$w10F13$936573
=653  \0$atemperatuur$3wb, 41, 44, 46, 47$020139804$w10F13$936807
=653  \0$aKirnberger$343, 45$020139804$w10F13$933423
=653  \0$aLambert$346$020139804$w10F13$933863
=653  \0$aMarpurg$341, 45, 46$020139804$w10F13$934481
=653  \0$amonochord$3vw, 46$020139804$w10F13$934823
=653  \\$aMoscheles$346$934902$020139804$w10F13
=653  \\$aNeukomm$346, 49, 60$935207$020139804$w10F13
=653  \\$aprijs van stemvork$310, 11$936195$020139804$w10F13
=653  \\$aRies$346$938442$020139804$w10F13
=856  4\$uhttps://acoustics.mpiwg-berlin.mpg.de/text/schriften-uber-musikalische-und-physikalische-tonmessung-und-orgelstimmung-und-deren-anwendung
=942  \\$cBOO
=952  \\$00$10$2ddc$40$6KTS_1_000000000000000_C2_49_10F13$70$8RAR$92889$aORPH$bORPH$cKTS1_C2$d2020-07-08$eKoopman$l0$oKTS1 C2.49 10F13$p20139804$r2021-01-12 00:00:00$w2021-01-12$yBOO
=999  \\$d2889

