=LDR  01877aam a2200265   4500
=001  2891
=008  221128s1751\\\\|||ac|||\||||\00|\0dger\d
=041  \\$ager
=100  \\$aKeyssler, Johann Georg$d1693-1743$4aut$1http://www.wikidata.org/entity/Q1693874$97171
=245  \\$aNeueste Reisen durch Deutschland, Böhmen, Ungarn, die Schweiz, Italien und Lotharingen
=250  \\$a2nd ed.
=260  \\$aHannover$bFörster$c1751
=300  \\$a1556-[64] pages$bengraved frontspiece, illustrations, folded pages
=500  \\$aJohann Georg Keyßler was a German polymath, known for his travel writings and his archaeology. He is regarded as the father of German protohistory. 
=500  \\$aincomplete: 2 illustrations are missing (p.255 & 257)
=500  \\$aportrait engravings by Christian Fritsch: frontispiece part 1 of Johann Georg Keyssler, part 2 of Gottfried Schütze
=590  \\$aworinnen der Zustand und das Merkwürdigste dieser Länder beschrieben, und vermittelst der Natürlichen, Gelehrten und Politischen Geschichte, der Mechanik, Maler- Bau- und Bildhauerkunst, Münzen und Alterthümer, wie auch mit verschiedenen Kupfern. Neue und vermehrte Auflage, welche mit Zusätzen und mit einer Vorrede von dem Leben des Verfassers begleitet hat M. Gottfried Schütze
=648  \0$a18th Century (1701-1800)$1http://www.wikidata.org/entity/Q7015$920899
=650  \0$aTravel$1http://www.wikidata.org/entity/Q61509$94440
=650  \0$aCuckoo$1http://www.wikidata.org/entity/Q18845$922474
=700  \\$4edt$4win$aSchütze, Gottfried$d1719-1784$1http://www.wikidata.org/entity/Q1268326$925400
=856  \\$uhttps://books.google.be/books?id=LXJBAAAAcAAJ$3Google Books
=942  \\$cBOO
=952  \\$00$10$2ddc$40$6KTS_1_000000000000000_C2_50_10F15$70$8RAR$92891$aORPH$bORPH$cKTS1_C2$d2020-07-08$eKoopman$l0$oKTS1 C2.50 10F15$p20139807$r2021-01-12 00:00:00$w2021-01-12$yBOO
=999  \\$d2891

