=LDR  02526aam a2200277   4500
=001  2892
=008  210506s1702\\\\\\\p||||\||||\00|\0dita\d
=041  \\$aita
=100  \\$aBentivoglio, Guido$d1577-1644$4aut$1http://www.wikidata.org/entity/Q1364155$97172
=245  \\$aHistoria di Fiandra del Cardinal Bentivoglio
=246  \1$aDella guerra di Fiandra Descritta dal Cardinal Bentvoglio
=260  \\$aVenice$bCiera$c1702
=300  \\$a3 vols. in 1 ([iv]-256-[12]-168-[8]-236-[11] pages)$bengraved title pages, illuminated initials, cardboard cover, leather gilt embossed spine
=500  \\$aGuido Bentivoglio d'Aragona was an Italian cardinal, statesman and historian.  He was an ecclesiastical diplomat at the court of the Archdukes Albert and Isabella in the Habsburg Netherlands (1607-1615), Bentivoglio was considered a lover of art and music. Immediately after his arrival in Flanders, he had the organist and composer Girolamo Frescobaldi (1583-1643) come to Brussels from Ferrara, where he was a celebrated musician and, with Bentivoglio's help, published his madrigals in Antwerp in 1608. It is considered certain that Bentivoglio also had contact with the artists there, such as Rubens. Later, too, he favoured Flemish artists in particular, such as Anthonis van Dyck and François Duquesnoy Il Fiammingo, by whom he was portrayed. 
=500  \\$aThe historical work Della guerra di Fiandra describes, in an eloquent style of great literary sophistication, the religious and civil wars in the Low Countries, which Bentivoglio observed with a keen eye, not only through direct experience during diplomatic missions there, but also through the direct involvement of no less than four brothers and two nephews.

Translated with www.DeepL.com/Translator (free version)
=500  \\$aoriginally published in Cologne 1632-1639
=504  \\$aeach volume includes an index
=534  \\$aOriginally published in 1635
=648  \0$a17th Century (1601-1700)$1http://www.wikidata.org/entity/Q7016$920923
=648  \0$a18th Century (1701-1800)$1http://www.wikidata.org/entity/Q7015$920899
=650  \0$aMilitary history$1http://www.wikidata.org/entity/Q192781$93874
=651  \0$aFlanders (Belgium)$1http://www.wikidata.org/entity/Q234$989
=856  \\$uhttps://books.google.be/books?id=BNUGxPXwX20C$3Google Books
=942  \\$cBOO
=952  \\$00$10$2ddc$40$6KTS_1_000000000000000_C2_49_10F16$70$8RAR$92892$aORPH$bORPH$cKTS1_C2$d2020-07-08$eKoopman$l0$oKTS1 C2.49 10F16$p20139806$r2021-01-12 00:00:00$w2021-01-12$yBOO
=999  \\$d2892

