=LDR  02123    a2200373   4500
=001  2893
=008  221129s1837\\\\|||||k||\||||\00|\0\mul\d
=041  \\$afre$dlat
=059  \\$av
=100  \\$aGallard, Romain Frédéric$d1785-1839$4aut$1http://www.wikidata.org/entity/Q64707156$97173
=245  \\$aProcessionnal du Diocèse de Meaux
=260  \\$aMeaux$bGrand Séminaire$c1837
=300  \\$aviii-331-84 pages$bleather bound, gilded spine
=500  \\$aGallard was a Roman Catholic archbishop of Meaux, France
=500  \\$aA church book in which the prayers sung in processions are written and noted
=500  \\$aIncludes the "Supplément au processionnal de Meaux, contenant l'Office des morts et le cérémonial des enterrements 1837" (containing the Office of the Dead and the ceremonial of burials), separately paginated
=561  \\$aEx libris Eglise d'Andrezel (manuscript)
=648  \0$a19th Century (1801-1900)$1http://www.wikidata.org/entity/Q6955$920935
=650  \0$aReligion$1http://www.wikidata.org/entity/Q9174$93062
=650  \0$aChurch music$1http://www.wikidata.org/entity/Q8812109$92283
=650  \0$aHymn$1http://www.wikidata.org/entity/Q484692$921333
=650  \0$aPsalm$1http://www.wikidata.org/entity/Q12497663$92164
=650  \0$aSong$1http://www.wikidata.org/entity/Q7366$94164
=650  \0$aPrayer$1http://www.wikidata.org/entity/Q40953$921486
=650  \0$aCatholicism$1http://www.wikidata.org/entity/Q1841$921631
=650  \0$aPlainchant$1http://www.wikidata.org/entity/Q2707688$921363
=650  \0$aLiturgy$1http://www.wikidata.org/entity/Q172331$92284
=651  \0$aMeaux (France)$1http://www.wikidata.org/entity/Q207620$925401
=653  \0$amuziek_in eredienst$3\”des processions\"$020139808$w10F17$935051
=653  \0$ameer benutten zelfde partituur$374-82, 272-296$020139808$w10F17$934589
=653  \\$afaux bourdon suppl.$374-82$931628$020139808$w10F17
=942  \\$cBOO
=952  \\$00$10$2ddc$40$6KTS_1_000000000000000_C2_50_10F17$70$8RAR$92893$aORPH$bORPH$cKTS1_C2$d2020-07-08$eKoopman$l0$oKTS1 C2.50 10F17$p20139808$r2021-01-12 00:00:00$w2021-01-12$ySCO
=999  \\$d2893

