=LDR  02640aam a2200325   4500
=001  2894
=008  221129s1664\\\\|||a||||\||||\00|\d\lat\d
=041  \\$alat
=100  \\$aPlautus, Titus Maccius$d250 BC-164 BC$4aut$1http://www.wikidata.org/entity/Q47160$94887
=245  \\$aComœdiæ
=250  \\$a1st Ed.
=260  \\$aLeiden$bHack$c1664
=300  \\$a[xvi]-1154-[[52] pages$bleather bound, gilded spine, engraved title page, marbled endpapers, red edges
=500  \\$aPlautus is known for his powerful, humorous and lively, original Latin style. He is primarily concerned with stage effect, not literary effect. Nor does he have any political commitment or social criticism. For his comedies, he used Attic (Greek) comedies as examples, but rendered them very freely and with many changes. Through the masterful use of the Latin vernacular, transposing the action to Roman states, inserting songs and merging pieces from different comedies, he managed to make the pieces into original creations that are cleverly put together. 
=500  \\$aPlautus probably wrote all his works between the last years of the Second Punic War and his death. The chronology of his works is partly unknown, so they are usually given in alphabetical order. 
=500  \\$aComplete edition of Plautus' 21 known Comedies,from Aphitruo to the fragments of Vidularia.
=500  \\$aExtraordinary title page engraving by P. Phil. decpicting a stage with 4 characters: a dressed monkey; a woman, a sater carying a globe, a warrior with shield and sword.
=504  \\$aIncludes index
=561  \\$aex libris Andre f. M... (?) (manuscript)
=590  \\$aAccedit commentarius Ex Variorum Notis & Observationibus, Quarum plurimae primum eduntur. Ex recensione Ioh. Frederici Gronovii
=648  \0$a17th Century (1601-1700)$1http://www.wikidata.org/entity/Q7016$920923
=648  \0$aClassical Antiquity (8th Century BC-6th Century AD)$1http://www.wikidata.org/entity/Q486761$921435
=650  \0$aPlay (theater)$1http://www.wikidata.org/entity/Q25379$921414
=650  \0$aComedy$1http://www.wikidata.org/entity/Q40831$921436
=653  \0$amise-en-scène$3tp, 1155$020139809$w10F18$939272
=700  \\$4edt$4win$4cmm$aGronovius, Johann Friedrich $d1611-1671$1http://www.wikidata.org/entity/Q67520$921729
=856  \\$uhttps://books.google.be/books/about/M_Accii_Plauti_Comoediae_accedit_comment.html?id=pE0_DesFFZ0C&redir_esc=y$3vol.1 (p.1-518)
=942  \\$cBOO
=952  \\$00$10$2ddc$40$6KTS_1_000000000000000_C2_50_10F18$70$8RAR$92894$aORPH$bORPH$cKTS1_C2$d2020-07-08$eKoopman$l0$oKTS1 C2.50 10F18$p20139809$r2021-01-12 00:00:00$w2021-01-12$yBOO
=999  \\$d2894

