=LDR  02614    a2200373   4500
=001  2896
=008  221129s1719\\\\|||a||||\||||\00|\p\dut\d
=041  \\$adut
=100  \\$aWith, Katharina Johanna de$d1691-1728$4aut$4trl$1http://www.wikidata.org/entity/Q20031767$97176
=245  \\$aDe getrouwe herderin. $bLantspel
=260  \\$aRotterdam$bWillis$c1719
=300  \\$a[xxxiv]-228 pages$bfrontispiece engraving, bound in white vellum
=500  \\$aFor the country play 'The faithful shepherdess', With's rhyming of a prose translation of Francesco Contarini's favola pastorale 'Fida ninfa' (1598), befriended poets such as Ludolf Smids, Pieter Vlaming and the pastoral poet par excellence, Jan Baptista Wellekens, provided threshold poems. 
=500  \\$aBeautiful frontispiece engraving by Frans van Bleyswyck (1671-1746) depicting a pastoral scene with Cupid on a pied-de-stal surrounded by shepherdesses and shepherds, animals and flying putti
=500  \\$aThe announced 'Poems' on the title page are published in a separate volume, with a new title page and new pagination, hence catalogued as an independent book (see 10G02b)
=500  \\$ahttps://resources.huygens.knaw.nl/vrouwenlexicon/lemmata/data/With
=501  \\$aBound in with ‘Gedichten’ and 'Fillis van Scirus’

=590  \\$aBenevens eenige andere Gedichten van dezelve, bestaande in Herderszangen, Visscherszangen, enz.
=648  \0$a18th Century (1701-1800)$1http://www.wikidata.org/entity/Q7015$920899
=650  \0$aPlay (theater)$1http://www.wikidata.org/entity/Q25379$921414
=650  \0$aPoetry$1http://www.wikidata.org/entity/Q482$93026
=650  \0$aFemale$1http://www.wikidata.org/entity/Q6581072$921764
=651  \0$aNetherlands$1http://www.wikidata.org/entity/Q55$9173
=653  \0$aop de wijze van $3herderinnenkout iii, iv$020139811$w10G02a$935398
=653  \0$adichteres$3wb$020139811$w10G02a$931056
=653  \0$aemoties$3herderinnenkout i$020139811$w10G02a$931445
=653  \0$aHooft, P.C.$3ter uitgave der getr. herderinne ii$020139811$w10G02a$932893
=653  \0$aHuygens$3ter uitgave der getr. herderinne ii$020139811$w10G02a$933031
=653  \\$aBrandt$3ter uitgave der getr. herderinne ii$929883$020139811$w10G02a
=700  \\$4aut$aContarini, Francesco$d1554-1624$1http://www.wikidata.org/entity/Q185348$925402
=856  \\$uhttps://books.google.be/books?id=9FkTAAAAQAAJ$3Google Books
=942  \\$cBOO
=952  \\$00$10$2ddc$40$6KTS_1_000000000000000_C2_50_10G02A$70$8RAR$92896$aORPH$bORPH$cKTS1_C2$d2020-07-08$eKoopman$l0$oKTS1 C2.50 10G02a$p20139811$r2021-01-12 00:00:00$w2021-01-12$yBOO
=999  \\$d2896

