=LDR  01414    a2200265   4500
=001  2898
=008  221129r719\\\\\||||||||\||||\00|\p\dut\d
=041  \\$adut
=100  \\$aWith, Katharina Johanna de$d1691-1728$4aut$1http://www.wikidata.org/entity/Q20031767$97176
=245  \\$aGedichten
=260  \\$aRotterdam$bWillis$cs.d.
=300  \\$a[viii]-87 pages
=500  \\$ahttps://resources.huygens.knaw.nl/vrouwenlexicon/lemmata/data/With
=500  \\$aThis collection is announced on the title page of With's 'De getrouwe herderin' of 1719 (See 10G02a) but is published separately with a new title page and pagination, hence catalogued as a serarate book
=501  \\$aBound in with ‘De getrouwe herderin’ and Fillis van Scirus’
=648  \0$a18th Century (1701-1800)$1http://www.wikidata.org/entity/Q7015$920899
=650  \0$aPoetry$1http://www.wikidata.org/entity/Q482$93026
=650  \0$aFemale$1http://www.wikidata.org/entity/Q6581072$921764
=651  \0$aNetherlands$1http://www.wikidata.org/entity/Q55$9173
=653  \0$azangeres$328, 29$020139811b$w10G02b$938089
=773  \\$02896$tDe getrouwe herderin$w2896
=856  \\$uhttps://books.google.be/books?id=9FkTAAAAQAAJ$3Google Books
=942  \\$cBOO
=952  \\$00$10$2ddc$40$6KTS_1_000000000000000_C2_50_10G02B$70$8RAR$92898$aORPH$bORPH$cKTS1_C2$d2020-07-08$eKoopman$l0$oKTS1 C2.50 10G02b$p20139811b$r2021-01-12 00:00:00$w2021-01-12$yBOO
=999  \\$d2898

