=LDR  03062aam a2200313   4500
=001  2900
=008  221201s1752\\\\||||||||\||||\00|\0\ger\d
=041  \\$ager
=100  \\$aFries, Johann Henrich Hermann$d1696-1762$4aut$97180
=100  \\$aSenkenberg$4aut$97181
=245  \\$aAbhandlung vom sogenannten Pfeifer-Gerichts
=250  \\$a1st Ed.
=260  \\$aFrankfurt am Main$bMulz$c1752
=300  \\$a[xv]-248-[8] pages$bengraved frontispiece, multi-coloured endpapers and edges, leather bound, gilded spine
=500  \\$afrontispiece engraving  by  Joh. Mich. Eben (1716-1761) after I.H.H. Fries jun(ior) containing music, referring to specific pages in the book
=500  \\$ahttps://de.wikipedia.org/wiki/Pfeifergericht
=500  \\$aThe Pfeifergericht was a ceremony of the imperial city of Frankfurt am Main. It took place annually as part of a court day at the autumn fair and was first mentioned in a document in 1380. The origins of the ceremony lay in a privilege with which King Henry IV had exempted the citizens of Worms from the customs at Frankfurt in 1074. The customs duty was levied on all long-distance traders travelling north or east through the Frankfurt Main ford, and later also on merchants travelling to the Frankfurt Autumn Fair, which was documented from the middle of the 12th century. On the day before the Nativity of the Virgin Mary (on 7 September), the traditional start of the autumn fair, the 14 aldermen gathered in the Kaisersaal of the Römer under the chairmanship of the city sheriff to hold court. Meanwhile, the deputies of the three cities met in the Nuremberg Court. From there they moved over to the Römerberg. The procession was led by three Nuremberg city pipers who blew the traditional melody of the Piper's March on a shawm, a trombone and a pommer.
=504  \\$acontains Index
=561  \\$aEx libris Freyherrlich von Schrottenberg (Plate and Stamp)
=590  \\$aso in der Kaiserl. Freien Reichs-Stadt Frankfurt am Main, von uralten Zeiten her mit besondern und merkwürdigen Feierlichkeiten aljärlich einmal gehalten zu werden pflegt : welcher eine Kurze Nachricht Vom wahren Ursprung der beiden dasigen von Alters her berümten Reichs-Messen einverleibet . samt einigen andern zufälligen Anmerkungen und einem Sendschreiben des hochberümten Freiherrn von Senkenberg ... an den Verfasser
=648  \0$a18th Century (1701-1800)$1http://www.wikidata.org/entity/Q7015$920899
=650  \0$aHistory$1http://www.wikidata.org/entity/Q309$921403
=650  \0$aLaw$1http://www.wikidata.org/entity/Q7748$93727
=651  \0$aFrankfurt am Main (Germany)$1http://www.wikidata.org/entity/Q1794$921575
=856  \\$uhttps://reader.digitale-sammlungen.de//de/fs1/object/display/bsb10551128_00005.html$3Bavarian State Library
=856  \\$uhttps://books.google.de/books?id=9ehWAAAAcAAJ$3Google Books
=942  \\$cBOO
=952  \\$00$10$2ddc$40$6KTS_1_000000000000000_C2_50_10G04$70$8RAR$92900$aORPH$bORPH$cKTS1_C2$d2020-07-08$eKoopman$l0$oKTS1 C2.50 10G04$p20139813$r2021-01-12 00:00:00$w2021-01-12$yBOO
=999  \\$d2900

