=LDR  02493    a2200517   4500
=001  2901
=008  220128s1890\\\\||||||||\||||\00|\0ddut\d
=041  \\$adut
=100  \\$aElberts, Willem Anthony$d1820-1903$4aut$97182
=245  \\$aHistorische wandelingen in en om Zwolle
=250  \\$a1st Ed.
=260  \\$aZwolle$bs.n.$c1890
=300  \\$a295 pages
=500  \\$aExcerpt from 'Provinciale Overijsselsche en Zwolsche Courant'
=504  \\$acontains Index
=648  \0$a19th Century (1801-1900)$1http://www.wikidata.org/entity/Q6955$920935
=650  \0$aArchitecture$1http://www.wikidata.org/entity/Q12271$93185
=650  \0$aArcheology$1http://www.wikidata.org/entity/Q23498$94082
=650  \0$aHistory$1http://www.wikidata.org/entity/Q309$921403
=651  \0$aZwolle (Netherlands)$1http://www.wikidata.org/entity/Q793$985
=653  \0$abeiaard$362, 63$020139817$w10G05$929377
=653  \0$aorgel_in eredienst$3177$020139817$w10G05$935507
=653  \0$aorgelconcerten$3100$020139817$w10G05$935548
=653  \0$aorgels in Zwolle$352, 70, 100, 135, 177, 201, 227$020139817$w10G05$935592
=653  \0$aentréeprijzen$345, 47$020139817$w10G05$931493
=653  \0$aFeith, R.$3282-286$020139817$w10G05$931642
=653  \0$aharp$3142$020139817$w10G05$932582
=653  \0$asalaris$357, 62, 105, 171, 183, 189$020139817$w10G05$938697
=653  \0$aSchnitger, A.$352$020139817$w10G05$938916
=653  \0$aSluiter$359$020139817$w10G05$939162
=653  \0$amuseum$397$020139817$w10G05$934968
=653  \\$aCeli, J.$3170$930341$020139817$w10G05
=653  \\$aGrote kerk tijdelijk RL$350$932433$020139817$w10G05
=653  \\$aHaren, W. van$367$932568$020139817$w10G05
=653  \\$aHattum, B.J. van$33, 79$932616$020139817$w10G05
=653  \\$aHempenius, A.J.$3100$932704$020139817$w10G05
=653  \\$aHeyns, Z.$3175$932770$020139817$w10G05
=653  \\$aPotgieter, E.J.$3124$936112$020139817$w10G05
=653  \\$aTerborch, fam. J.$3174, 175$936851$020139817$w10G05
=653  \\$aThomas à Kempis$3272-275, 277$95899$020139817$w10G05
=653  \\$aThorbecke, J.R.$3234, 235$936919$020139817$w10G05
=653  \\$aTimpe$370$936946$020139817$w10G05
=856  \\$uhttps://www.dbnl.org/tekst/elbe002hist01_01/$3Digital Library for Dutch Literature (DBNL)
=942  \\$cBOO
=952  \\$00$10$2ddc$40$6KTS_1_000000000000000_C2_50_10G05$70$8RAR$92901$aORPH$bORPH$cKTS1_C2$d2020-07-08$eKoopman$oKTS1 C2.50 10G05$p20139817$r2021-01-12 00:00:00$w2021-01-12$yBOO
=999  \\$d2901

