=LDR  02150aam a2200289   4500
=001  2902
=005  20250925143255.0
=008  221201s1915\\\\||||||||\||||\00|\d\dut\d
=041  \\$adut
=100  \\$aEeden, Frederik van$d1860-1932$4aut$1http://www.wikidata.org/entity/Q211514$94949
=245  \\$aDe heks van Haarlem. $bTreurspel der onzeekerheid
=250  \\$a1st ed.
=260  \\$aAmsterdam$bVersluys$c1915
=300  \\$a111 pages$bcolour printed cloth cover
=500  \\$aDeals with witch hunts in the 17th century. The play is set in 1638 at the home of the mayor of Haarlem. A divided Europe and a divided Netherlands also divide minds in the mayor's home. Religion and science face each other, as well as collaboration and resistance, and finally inner certainty versus uncertainty.
=500  \\$aWritten in 1914 in honour of the opening of the Haarlem City Theatre. First performed in Amsterdam february 1915
=520  \\$aAt the beginning of the 17th century, Stadholder Frederick Henry is busy laying siege to Antwerp. At the time, the patriotic Cousaert is the bailiff of Haarlem. When he hears from Hille Babbe the fishwife that his son-in-law Arent, a young, wealthy Amsterdam merchant, is supplying arms and ammunition to Antwerp, he must make a choice: betray his son-in-law and thus grieve his daughter Estella or remain silent about this betrayal.
=648  \0$a20th Century (1901-2000)$1http://www.wikidata.org/entity/Q6927$920936
=648  \0$a17th Century (1601-1700)$1http://www.wikidata.org/entity/Q7016$920923
=650  \0$aPlay (theater)$1http://www.wikidata.org/entity/Q25379$921414
=650  \0$aLiterature$1http://www.wikidata.org/entity/Q8242$94439
=650  \0$aWitchcraft$1http://www.wikidata.org/entity/Q259745$93997
=651  \0$aHaarlem (Netherlands)$1http://www.wikidata.org/entity/Q9920$921584
=856  \\$uhttps://www.dbnl.org/tekst/eede003heks01_01/$3Digital Library for Dutch Literature (DBNL)
=942  \\$cBOO
=952  \\$00$10$2ddc$40$6KTS_1_000000000000000_C2_50_10G06$70$8RAR$92902$aORPH$bORPH$cKTS1_C2$d2020-07-08$eKoopman$l0$oKTS1 C2.50 10G06$p20139816$r2021-01-12 00:00:00$w2021-01-12$yDIS
=999  \\$d2902

