=LDR  02001aam a2200277   4500
=001  2903
=008  221201s1887\\\\||||||||\||||\00|\1\dut\d
=041  \\$adut
=100  \\$aEeden, Frederik van$d1860-1932$4aut$1http://www.wikidata.org/entity/Q211514$94949
=245  \\$aDe kleine Johannes$n1/3
=250  \\$a1st ed.
=260  \\$aThe Hague$bMouton$c1887
=300  \\$a189 pages$binserted original etch, cloth cover, embossed gilded letters with silver gauffered endpapers, gilt edges
=500  \\$aThe first volume was written and published in 1887, which is where Frederik van Eeden made his fame as a writer. Volume 2 appeared in 1905. Volume 3 in 1906.
=500  \\$aThe story centres on the development from child to adult and the struggle with life's riddles. The story is not just a fairy tale. It involves the following elements: the stages of human life; contrasts (good/evil, idealism/materialism); the diminutive motif; criticism of human society; the search for happiness; positivism and pantheism.


=500  \\$aTogether with Godfried Bomans' Erik or the little insect book, it was on the literature list of secondary schools in Belgium for many years. In the Netherlands, too, it is a widely read book that can be found on the reading lists of many secondary school teachers and schools.
=561  \\$aEx libris L R Weber (manuscript)
=648  \0$a19th Century (1801-1900)$1http://www.wikidata.org/entity/Q6955$920935
=650  \0$aBiography$1http://www.wikidata.org/entity/Q36279$91927
=650  \0$aNovel$1http://www.wikidata.org/entity/Q8261$921629
=650  \0$aFairy tale$1http://www.wikidata.org/entity/Q699$94594
=700  \\$4ill$4bkd$4egr$aVeth, Jan$97183
=856  \\$uhttps://www.dbnl.org/tekst/eede003klei02_01/$3Digital Library for Dutch Literature (DBNL)
=942  \\$cBOO
=952  \\$00$10$2ddc$40$6KTS_1_000000000000000_C2_50_10G07$70$8RAR$92903$aORPH$bORPH$cKTS1_C2$d2020-07-08$eKoopman$l0$oKTS1 C2.50 10G07$p20139815$r2021-01-12 00:00:00$w2021-01-12$yBOO
=999  \\$d2903

