=LDR  02460aam a2200337   4500
=001  2908
=008  221201s1879\\\\|||ac|||\||||\00|\idger\d
=041  \\$ager
=100  \\$aHensel, Sebastian$d1830-1898$4aut$1http://www.wikidata.org/entity/Q28653656$96458
=245  \\$aDie Familie Mendelssohn 1729-1847
=250  \\$a1st ed.
=260  \\$aBerlin$bBehr$c1879
=300  \\$a3 vols. (x-427+283+260-[1] pages)$b2+4+2 portraits inserted
=500  \\$aSee 08B24 and 08B25 for the first part in second edition and the second part in third edition
=500  \\$aFamily tree inserted at the end of vol. 3
=520  \\$aSebastian Hensel, a great-grandson of the philosopher Moses Mendelssohn and son of Fanny Mendelssohn, wrote this family chronicle in 1879. The Mendelssohn family is a German-Jewish family of scholars, bankers and artists. For many years, the descendants remained connected through the joint management of the Mendelssohn banking house. Numerous artists also descended from the family - among them the famous composer, pianist and organist Felix Mendelssohn Bartholdy.
=610  \0$aMendelssohn family$1http://www.wikidata.org/entity/Q41783627$923141
=610  \0$aJews$1http://www.wikidata.org/entity/Q7325$924173
=648  \0$a18th Century (1701-1800)$1http://www.wikidata.org/entity/Q7015$920899
=648  \0$a19th Century (1801-1900)$1http://www.wikidata.org/entity/Q6955$920935
=650  \0$aComposer$1http://www.wikidata.org/entity/Q36834$93625
=650  \0$aBiography$1http://www.wikidata.org/entity/Q36279$91927
=650  \0$aMusic history$1http://www.wikidata.org/entity/Q846047$921373
=650  \0$aCorrespondence$1http://www.wikidata.org/entity/Q1784733$921392
=650  \0$aDiary$1http://www.wikidata.org/entity/Q185598$921711
=651  \0$aGermany$1http://www.wikidata.org/entity/Q183$9155
=942  \\$cBOO
=952  \\$00$10$2ddc$3Tome I$40$6KTS_1_000000000000000_C2_50_10G11_01$70$8RAR$92908$aORPH$bORPH$cKTS1_C2$d2020-07-08$eKoopman$l0$oKTS1 C2.50 10G11_01$p20139818$r2021-01-12 00:00:00$w2021-01-12$yBOO
=952  \\$00$10$2ddc$3Tome II$40$6KTS_1_000000000000000_C2_50_10G11_02$70$8RAR$922287$aORPH$bORPH$cKTS1_C2$d2020-07-08$eKoopman$l0$oKTS1 C2.50 10G11_02$p20139819$r2022-12-01 00:00:00$w2021-01-12$yBOO
=952  \\$00$10$2ddc$3Tome III$40$6KTS_1_000000000000000_C2_50_10G11_03$70$8RAR$922288$aORPH$bORPH$cKTS1_C2$d2020-07-08$eKoopman$l0$oKTS1 C2.50 10G11_03$p20139820$r2022-12-01 00:00:00$w2021-01-12$yBOO
=999  \\$d2908

