=LDR  02360aam a2200313   4500
=001  2909
=008  211119s1914\\\\\\\|||||\||||\00|\p\dut\d
=041  \\$adut
=100  \\$aScheurleer, Daniel François$d1855-1927$4aut$1http://www.wikidata.org/entity/Q3976286$95584
=245  \\$aVan varen en van vechten:$bVerzen van Tijdgenooten op onze Zeehelden en Zeeslagen, Lof- en Schimpdichten, Matrozenliederen
=260  \\$aThe Hague$bNijhoff$c1914
=300  \\$a3 vols. (xiv-467+xi-564+x-656 pages)
=500  \\$aDaniël François Scheurleer (1855-1927) was a banker, entrepreneur and music historian who founded the Société Union Musiologique in 1921, collected some 1100 music instruments (now held at the Gemeentemuseum in The Hague and the Amsterdam Rijksmuseum) and published various studies on Dutch music history. His library is currently preserved at the Nederlands Muziek Instituut
=500  \\$avol. 1 covers the period 1572-1654; vol. 2 1655-1678; vol. 3 1679-1800
=500  \\$aon front matter: "Van Bep en Jan 15-6-1946"
=561  \\$aEx libris F.S. Jonsere (?) (manuscript)
=610  \0$aVereenigde Oostindische Compagnie$1http://www.wikidata.org/entity/Q159766$91677
=648  \0$a16th Century (1501-1600)$1http://www.wikidata.org/entity/Q7017$920944
=648  \0$a17th Century (1601-1700)$1http://www.wikidata.org/entity/Q7016$920923
=648  \0$a18th Century (1701-1800)$1http://www.wikidata.org/entity/Q7015$920899
=650  \0$aHistory$1http://www.wikidata.org/entity/Q309$921403
=650  \0$aSong$1http://www.wikidata.org/entity/Q7366$94164
=650  \0$aMaritime transport$1http://www.wikidata.org/entity/Q155930$924925
=651  \0$aNetherlands$1http://www.wikidata.org/entity/Q55$9173
=942  \\$cBOO
=952  \\$00$10$2ddc$3Eerste deel$40$6KTS_1_000000000000000_C2_50_10G12_01$70$8RAR$92909$aORPH$bORPH$cKTS1_C2$d2020-07-08$eKoopman$l0$oKTS1 C2.50 10G12_01$p20139821$r2021-01-12 00:00:00$w2021-01-12$yBOO
=952  \\$00$10$2ddc$3Tweede deel$40$6KTS_1_000000000000000_C2_51_10G12_02$70$8RAR$921839$aORPH$bORPH$cKTS1_C2$d2020-07-08$eKoopman$l0$oKTS1 C2.51 10G12_02$p20139822$r2021-01-12 00:00:00$w2021-01-12$yBOO
=952  \\$00$10$2ddc$3Derde deel$40$6KTS_1_000000000000000_C2_51_10G12_03$70$8RAR$921840$aORPH$bORPH$cKTS1_C2$d2020-07-08$eKoopman$l0$oKTS1 C2.51 10G12_03$p20139823$r2021-01-12 00:00:00$w2021-01-12$yBOO
=999  \\$d2909

